2160 3712
79 112 141 175 ΞΜ
382 128 412 180 u
433 128 569 173 nonem
586 130 700 177 ruaoor

115 242 202 322 Digni,
215 240 360 309 remigium
370 240 497 295 vitiorum
508 242 659 296 Ithacensis
669 242 755 315 Ulixi,

116 312 166 365 Cur
179 312 262 379 potior
274 311 358 379 patrie
370 306 420 363 luit
432 310 573 365 interdicta
583 312 716 381 voluptas.

116 379 152 448 si,
165 380 347 433 Mimnermus
358 380 397 432 uti
408 389 510 449 censet,
523 381 582 433 sine
594 397 686 434 amore
696 380 834 453 jocisque.
968 386 997 437 il

115 449 160 503 Nil
173 458 215 501 est
226 447 382 517 jucundum,
395 448 472 500 virae
483 448 512 501 in
522 465 614 503 amore
624 450 748 520 jocisque

117 518 193 580 Vive,
206 517 276 570 vale.
311 516 413 596 Siquid
427 518 524 571 novisti
537 519 636 571 rectius
647 518 716 588 istis,

116 586 252 641 Candidus
264 586 388 655 impert13
406 586 429 639 si
440 603 502 656 uon,
514 586 558 640 his
568 597 645 641 utere
656 604 780 643 mecum.

81 730 160 779 alone.
168 753 200 764 -
207 733 244 779 63.
261 729 403 837 haqes»,
416 730 457 778 the
468 732 574 779 ubstrnct
584 746 648 779 noun
659 730 696 780 for
708 731 751 781 the
762 743 880 782 concreto
891 736 983 797 mita
989 750 1000 791 ,·

83 788 327 902 &lfflpd’etseirirlnedr
329 857 355 895 to
370 789 548 908 {gunzagae
557 789 928 918 rlrlreelthliillgffilgffirllrim
937 808 1000 908 elz:

82 904 130 955 end
141 905 199 953 thus
214 906 318 965 brought
334 921 399 965 upon
415 906 564 954 themselves
579 906 621 955 the
680 916 745 955 otest
761 908 930 959 mmiortunee
959 909 1002 959 See

87 963 204 1025 Odtmtn
216 964 257 1012 xii.
269 968 403 1033 297.-(ξ5.
421 964 584 1015 Mimnermus
597 965 627 1014 oi
636 922 780 1026 &lophem
792 983 809 1016 a
824 978 1004 1030 contemporary

82 1022 112 1071 of
123 1016 207 1080 Solon,
219 1021 267 1070 und
277 1037 309 1071 su
318 1022 412 1084 elegire
421 1033 486 1084 poet.

360 1410 581 1459 limnoth
612 1412 723 1462 vm.

313 1559 357 1604 AD
377 1560 501 1605 OELSUM
521 1561 770 1607 mmovsrrtm.

83 1690 108 1739 A
118 1705 182 1739 uorr
199 1697 225 1740 to
241 1688 381 1766 thecelsue
392 1689 532 1738 mentioned
543 1672 570 1737 in
580 1705 598 1737 1
610 1687 633 1749 ³,
645 1689 683 1739 15.
720 1688 745 1739 1t
756 1691 876 1743 contaim
893 1693 1007 1759 inquiries

115 1756 250 1869 qqgssriqilng
267 1755 306 1803 hro
323 1754 415 1813 health,
426 1754 476 1803 aud
488 1754 634 1816 compiuruts
651 1756 727 1805 about
743 1756 869 1807 Horeoe'e
879 1774 937 1809 own
947 1765 1006 1809 mo

116 1949 203 2001 Curso
215 1947 333 2016 gaudere
346 1954 373 1999 et
384 1946 455 2000 bens
468 1963 524 1999 rem
536 1963 629 2014 gerere
641 1947 813 2003 Albinovano

117 2018 199 2070 Musa
212 2026 302 2085 rogata
315 2015 392 2085 refer,
406 2016 498 2068 comiti
511 2016 666 2084 scribaeque
679 2017 807 2071 Neronis.

117 2086 142 2138 Si
156 2094 272 2154 quaeret,
285 2085 347 2154 quid
360 2102 447 2152 agam,
461 2084 504 2137 dic
518 2085 602 2138 multa
614 2095 641 2137 et
655 2086 763 2153 pulchra
776 2089 931 2145 minantem

116 2154 214 2207 Vivere
227 2171 277 2207 nec
290 2164 362 2206 recte
374 2170 425 2206 neo
437 2155 553 2207 suaviter
559 2170 567 2222 3
586 2153 658 2206 haud
670 2156 734 2223 quia
745 2158 850 2223 grando

117 2223 271 2276 Contuderit
284 2224 353 2276 vites
364 2223 507 2292 oleamque
520 2222 692 2276 momorderit
703 2236 806 2293 aestus,
989 2231 1006 2282 t

117 2292 175 2344 Nec
187 2293 251 2361 quia
264 2293 413 2361 longinquis
424 2302 576 2345 armentum
587 2301 705 2360 aegrotet
718 2293 747 2345 in
759 2296 850 2364 agris,

117 2361 168 2413 Sed
180 2363 242 2430 quia
254 2372 346 2414 mente
359 2362 446 2414 minus
458 2361 564 2414 validus
575 2378 656 2429 quam
669 2379 779 2431 corpore
793 2373 849 2418 toto

115 2430 159 2482 Nil
171 2431 265 2482 audire
278 2431 367 2498 velim,
381 2432 416 2483 nil
429 2430 541 2498 discere,
555 2431 625 2499 quod
639 2431 710 2484 levet
721 2449 854 2503 aegrum,

118 2498 192 2552 Fidis
205 2499 325 2552 offendar
337 2499 457 2567 medicis,
471 2501 569 2552 irascar
584 2499 687 2568 amicis,

117 2569 169 2622 Cur
180 2586 225 2622 me
238 2569 344 2621 funesto
357 2578 496 2638 properent
509 2585 601 2621 arcere
615 2578 723 2621 veterno
731 2585 739 2637 5
976 2578 1005 2628 1⁰

115 2639 191 2697 Quae
204 2655 319 2691 nocuere
333 2656 435 2707 sequar,
449 2638 551 2706 fugium
564 2654 632 2705 quae
646 2637 748 2706 profore
760 2637 890 2713 credam,

116 2708 215 2761 Romae
228 2708 311 2760 Tibur
322 2724 414 2760 amem
428 2719 561 2772 ventosus,
574 2707 674 2759 Tibure
687 2709 809 2760 Romam.

116 2777 176 2830 Post
189 2776 256 2830 haec
269 2786 297 2828 ut
310 2776 408 2837 valeat,
421 2793 474 2845 quo
486 2785 564 2846 paeto
578 2793 632 2828 rem
646 2785 720 2843 gerat
733 2784 760 2829 et
773 2793 811 2842 se,

115 2846 149 2900 Ut
181 2847 267 2898 laceat
279 2845 370 2914 juveni
384 2857 539 2914 percontare
552 2856 635 2914 utque
648 2845 756 2898 cohorti.

100 2934 103 2941 ’
114 2915 139 2967 Si
153 2866 224 2968 <iicet
238 2925 317 2983 recte,
332 2915 448 2983 primum
460 2915 586 2983 gaudere,
600 2914 713 2967 subinde
974 2923 1003 2973 15

83 3028 933 3041 ————-—---——--——-——....-
943 3034 979 3041 .-.,

109 3091 130 3135 2.
148 3088 227 3148 Refer.
261 3088 297 3134 As
309 3102 347 3134 we
364 3103 407 3147 noy
418 3087 557 3146 commonly
569 3091 646 3136 valere
660 3090 763 3147 aliquem
783 3088 854 3144 'ulem
867 3105 895 3138 so
907 3091 1002 3140 hereos

80 3145 121 3193 the
139 3163 205 3194 muso
223 3148 284 3206 refer
297 3149 408 3208 gaudere.
442 3146 510 3194 Nero
526 3149 546 3194 is
564 3147 755 3194 Tiberium-3.
806 3148 922 3205 inuestem,
933 3152 1001 3211 jocu-

80 3200 170 3263 lady:
179 3207 330 3266 pollicentem.
337 3226 368 3238 -
375 3208 396 3252 6.
410 3205 562 3267 Longivrqm's
578 3227 602 3248 =
613 3209 682 3266 longe
691 3207 784 3266 alteque
791 3210 938 3267 potentibus.
946 3214 1003 3258 -8.

80 3262 193 3322 Aegmm.
207 3266 257 3311 rril.
270 3267 354 3312 animo.
388 3265 425 3311 He
438 3280 488 3311 was
504 3265 528 3311 in
539 3281 553 3312 a
564 3275 627 3312 state
639 3264 711 3311 when
723 3263 753 3311 he
765 3264 836 3312 could
848 3266 880 3314 do
891 3268 1001 3328 nothing.

40 3336 44 3349 ·
79 3325 154 3368 -12.
179 3320 303 3380 Venturos,
339 3323 446 3383 enerully
460 3341 583 3379 :annum
600 3322 695 3373 ‘reiut'
714 3322 889 3378 here=leuie.
907 3327 1001 3375 'incon-

70 3389 146 3439 etent,
164 3381 286 3433 restless!
320 3338 446 3445 gemuere
462 3383 478 3431 i.
492 3385 532 3439 19,
542 3384 668 3431 'tt-tt.
684 3378 793 3429 lucerua
810 3381 1009 3434 umehvi'h'me·
