2160 3712
349 132 570 176 uersromauu
591 135 653 177 uro.
676 135 697 177 r.
924 119 983 180 257

131 243 220 304 Quem
233 258 303 324 quae
315 260 364 313 per
375 261 486 323 pronum
500 245 617 313 trepidat
630 263 692 298 cum
706 263 842 298 murmure
855 247 961 326 rivum—l

130 315 239 383 Nempe
251 323 319 365 mter
331 330 419 366 varias
430 315 544 366 nutritur
556 315 624 367 silva
636 317 777 368 columnas

100 446 104 452 Ι
131 384 321 451 Laudaturque
334 382 437 450 domus,
451 383 544 451 longos
555 401 625 453 quae
639 385 764 454 prospicit
776 400 864 451 agros.

131 453 263 506 Naturam
276 452 398 520 expelles
409 451 493 520 furca,
508 459 596 505 tamen
611 470 695 523 usque
709 463 834 522 recurret,

131 522 166 575 Et
178 521 251 574 mala
264 530 417 590 perrumpet
430 521 524 574 furtim
536 520 646 574 fastidia
659 523 763 576 victrix.
951 527 984 576 2⁶

130 591 193 645 Non
206 591 252 659 qui
264 589 371 643 Sidonio
384 591 546 643 contendero
559 592 674 644 callidus
686 602 756 644 ostro

89 703 92 708 .
130 660 226 714 Nescit
239 659 405 728 Aquinatem
416 660 534 730 potantia
546 661 648 713 vellera
660 662 760 731 fucum,

133 729 237 783 certius
248 730 362 798 accipiet
374 729 505 782 damnum
518 731 678 800 propiusque
690 729 824 799 medullis,

134 797 222 856 Quam
236 800 282 866 qui
295 814 347 850 uon
360 799 456 866 poterit
471 815 532 850 vero
545 799 710 868 distinguere
723 800 831 853 falsum.

132 866 221 925 Quem
233 884 276 920 res
287 867 348 936 plus
359 867 443 920 nimio
456 866 624 921 delectavere
637 870 783 938 secundae,
953 872 986 920 30

133 937 257 990 Mutatae
269 937 398 1004 quatient.
434 937 462 990 si
474 937 538 1005 quid
550 939 688 1007 mirabere,
703 956 786 1008 pones

134 1006 252 1059 Invitus:
271 1005 337 1073 luge
349 1022 464 1074 megna3
483 1006 547 1058 licet
560 1007 611 1059 sub
623 1024 742 1086 paupere
755 1017 825 1061 tecto

134 1075 222 1143 Reges
235 1082 262 1128 et
274 1091 367 1142 regum
381 1077 436 1128 vita
448 1091 617 1144 praecurrere
630 1092 742 1129 amicos.

135 1145 235 1197 Cervus
247 1161 346 1212 equum
360 1161 451 1214 pugne
463 1143 556 1196 melior
568 1145 759 1198 communibus
771 1144 863 1198 herbis

135 1212 267 1281 Pellebat,
281 1212 368 1265 donec
381 1215 465 1265 minor
478 1213 503 1265 io
516 1215 663 1266 certamine
677 1214 754 1282 longo
956 1218 989 1266 ³5

135 1283 176 1336 Im
196 1282 291 1335 loravit
302 1298 368 1351 opes
380 1281 496 1335 hominis
508 1281 669 1352 frenumque
683 1283 792 1351 recepit.

135 1351 169 1405 se
200 1360 341 1421 postquam
354 1351 439 1403 victor
451 1352 554 1405 violens
566 1352 691 1418 discessit
703 1353 739 1404 ab
752 1352 837 1416 hoste,

135 1420 195 1474 Non
208 1421 328 1490 equitem
340 1420 425 1484 dorso,
439 1437 491 1473 non
505 1421 609 1473 srerrum
622 1420 726 1490 depulit
740 1438 794 1475 ore.

136 1489 180 1543 Sic
191 1491 236 1558 qui
250 1490 407 1558 pauperiem
420 1490 520 1543 veritus
532 1494 633 1559 potiore
647 1490 764 1544 metallis

136 1559 272 1611 Libertate
284 1567 366 1627 caret,
380 1559 520 1611 dominum
533 1559 607 1612 vehit
621 1560 756 1630 improbus
767 1568 849 1630 atque
956 1563 991 1612 lo

135 1627 238 1680 Serviet
251 1635 398 1694 aeternum,
412 1629 474 1696 quia
487 1645 567 1696 parvo
581 1633 683 1682 nesciet
696 1631 742 1682 uti.

136 1697 185 1750 Cui
198 1713 249 1749 non
262 1697 403 1748 conveniet
417 1713 466 1750 sue
479 1714 529 1766 res,
542 1707 571 1750 ut
583 1698 692 1751 calceus
703 1697 776 1768 olim,

136 1765 163 1818 Si
174 1765 246 1836 pede
259 1765 342 1834 major
354 1766 412 1834 erit,
426 1765 571 1834 subvertet,
585 1767 607 1820 si
618 1768 714 1836 minor,
727 1775 793 1821 uret.

136 1835 236 1888 Laetus
248 1843 318 1890 sorte
332 1843 378 1886 tua
389 1834 467 1887 vives
479 1837 621 1904 sapienter,
635 1836 725 1906 Aristi,

135 1904 195 1957 Nec
207 1920 252 1955 me
264 1902 385 1956 dimittes
398 1904 595 1971 incastigatum‚
608 1905 653 1957 ubi
668 1906 743 1975 plura
959 1908 992 1958 4⁵

132 1973 237 2041 Cogere
251 1989 333 2042 quam
347 1973 412 2025 satis
425 1980 466 2024 est
477 1989 510 2024 ac
523 1990 574 2026 non
588 1990 695 2026 cessare
708 1973 827 2027 videbor.

135 2041 253 2110 Imperat
265 2049 311 2093 aut
324 2041 405 2094 servit
418 2041 531 2094 collecta
544 2043 659 2111 pecunia
671 2043 778 2111 cuique,

136 2110 248 2163 Tortum
261 2110 342 2178 digna
354 2110 431 2180 sequi
443 2112 623 2181 potiusquam
637 2111 736 2164 ducere
749 2111 852 2164 sunem.

65 2287 124 2337 hille
136 2303 186 2334 was
198 2286 237 2335 led
254 2288 279 2335 in
290 2287 376 2336 leadeu
387 2288 533 2348 cipes-22.
552 2289 621 2336 Even
633 2289 657 2337 iu
669 2289 711 2336 the
723 2289 772 2349 city
783 2290 869 2348 people
881 2291 956 2338 strire
968 2301 994 2339 to

66 2347 139 2396 make
152 2347 215 2394 their
231 2346 320 2395 houses
337 2363 365 2395 as
381 2349 444 2395 rurol
460 2364 487 2396 es
502 2349 619 2407 possible,
632 2349 690 2397 thus
706 2349 848 2409 practically
864 2350 993 2410 admitting

66 2406 108 2454 the
125 2405 270 2465 superiority
286 2405 314 2453 ol
327 2406 368 2454 tlre
385 2418 495 2466 country.
534 2407 596 2456 Nem
612 2426 632 2465 e,
651 2410 709 2455 ‘but
725 2409 867 2468 assuredly.⁹
906 2408 994 2457 Varios

65 2468 187 2515 columma
202 2479 243 2512 ere
261 2464 302 2512 the
319 2465 401 2523 pillars
417 2465 446 2513 of
461 2466 582 2527 variegata
617 2467 709 2514 marble
724 2467 804 2515 which
821 2467 890 2516 stood
910 2468 933 2514 in
951 2469 992 2515 the

66 2524 157 2572 middle
174 2523 202 2570 os
220 2523 261 2570 the
277 2527 374 2579 utrium,
393 2525 520 2592 enclosing
530 2525 578 2593 ⁸the
595 2524 715 2594 sti-called
731 2527 877 2587 impluvium,
891 2542 905 2574 a
920 2526 992 2598 small

65 2582 991 2710 tt?uttttllltrlttltlttllltttllutlttstulu-‘lt

66 2700 133 2748 Here
145 2701 186 2748 the
198 2699 288 2748 second
305 2700 398 2758 partos
410 2702 451 2749 the
463 2702 549 2761 epistle
561 2703 656 2761 begins,
671 2716 694 2748 m
711 2701 791 2749 which
804 2701 898 2750 Horace
909 2702 992 2750 shows

65 2759 120 2808 thet
136 2770 161 2806 to
172 2760 213 2807 the
225 2758 369 2807 ettalnment
381 2759 409 2808 os
423 2777 437 2808 a
453 2761 533 2822 happy
546 2760 585 2808 lile
602 2760 703 2821 striving
719 2759 781 2808 aster
797 2771 849 2808 true
861 2760 932 2820 good,
946 2760 993 2809 and

66 2829 190 2877 contempt
200 2817 228 2866 ul
240 2818 384 2880 everything
396 2818 475 2867 which
487 2819 573 2879 selsely
583 2820 696 2878 pretends
712 2830 736 2866 to
748 2821 780 2891 be¹
789 2819 861 2890 good,
873 2819 894 2867 is
910 2835 992 2868 neces·

65 2893 131 2986 ltu
147 2876 993 3007 ..timui:uttts‘ettlltltttltytulttt‘tttll:

68 3013 157 3044 curce.
189 2995 324 3045 Pouec=d
383 3001 483 3046 es-34.
496 2998 715 3058 Melior=sortior‚
729 2995 776 3046 and
787 3011 811 3044 in
824 2997 865 3044 the
876 3008 932 3045 next
946 2997 993 3047 line

66 3057 178 3103 minor:
190 3057 275 3104 uictus.
337 3058 396 3103 erlis
411 3077 436 3098 =
444 3058 587 3137 pcamis.-
598 3061 636 3105 29.
653 3056 764 3104 Metellis
778 3076 804 3097 =
815 3072 884 3117 quom
899 3059 994 3106 metullo

66 3123 134 3168 sumt,
151 3113 222 3161 ‘then
233 3115 291 3176 gold
302 3114 350 3163 and
360 3114 441 3163 silver.
453 3119 520 3163 -42.
541 3115 573 3163 Ut
583 3117 748 3168 colceur'olim,
760 3130 775 3162 a
785 3130 897 3162 common
908 3114 992 3176 figure.

67 3171 151 3220 When
168 3173 257 3222 ashoe
274 3175 295 3222 is
312 3185 353 3221 too
370 3174 444 3236 large,
457 3175 475 3222 it
491 3185 577 3233 upsets
594 3175 634 3222 the
646 3189 739 3222 wesrer
754 3176 903 3232 (schoerten
922 3175 992 3224 when

66 3240 108 3280 too
119 3231 199 3287 small,
212 3232 230 3280 it
242 3248 329 3282 causes
342 3234 410 3293 paine
422 3234 468 3282 and
480 3235 659 3282 bunione-45.
677 3234 732 3281 'l'he
742 3249 815 3282 sense
827 3233 864 3282 is:
882 3250 930 3294 you
942 3235 993 3284 will

66 3289 134 3338 scold
147 3306 194 3346 me,
206 3291 227 3339 is
235 3307 276 3352 my
287 3293 363 3342 footel
373 3294 475 3342 maxims
483 3292 514 3341 do
525 3300 566 3340 not
576 3292 657 3351 plesse
669 3307 728 3353 you„
740 3292 790 3352 iust
800 3308 830 3340 aa
838 3292 850 3338 l
859 3292 1004 3339 baasam

66 3349 177 3410 scoldlog
191 3365 249 3419 you,
263 3353 368 3402 because
380 3351 392 3402 1
405 3353 436 3404 do
452 3365 496 3403 not
511 3369 527 3403 a
543 3368 623 3424 prore
632 3350 658 3401 ul
670 3367 735 3413 your
745 3351 826 3398 mohs
835 3347 970 3394 ethus-
976 3347 1023 3384 kb·

62 3404 118 3455 The
126 3405 239 3518 fieppp
249 3411 327 3464 uteo
337 3412 497 3480 eumaeus
507 3368 597 3466 which
610 3413 638 3464 'ts
649 3410 744 3463 toust
751 3410 792 3466 us
803 3416 909 3458 axom-
932 3396 1041 3439 *W*

534 3493 560 3533 Ι
