2160 3712
351 169 571 218 urrsnonsaun
592 170 654 212 nm.
677 170 711 212 11.
936 152 995 217 277

111 273 205 328 Cuncti
217 293 304 346 paene
316 288 411 348 patres,
425 297 458 332 ea
469 298 554 351 quum
567 279 763 350 reprehendere
776 296 864 344 coner,

113 343 191 404 Quae
202 348 291 413 gravis
303 349 431 419 Aesopus,
445 367 514 418 quae
526 351 619 402 doctus
632 351 742 403 Roscius
754 351 807 416 egit
814 365 823 417 3

112 413 162 465 Vel
174 414 239 482 quia
251 416 287 469 nil
301 428 411 487 rectum,
425 420 477 472 nisi
489 418 560 489 quod
573 419 673 487 placuit
685 419 745 487 sibi,
758 417 868 485 ducunt,

111 482 160 534 Vel
175 484 240 552 quia
251 492 327 553 turpe
340 497 432 555 putant
443 505 537 556 parere
549 488 696 540 minoribus
708 497 742 554 et,
756 503 827 556 quae

111 550 231 605 Imberbi
243 552 369 624 didicere,
383 573 462 608 senes
474 555 611 624 perdenda
623 556 708 608 lateri.
819 569 820 572 ’
962 559 996 609 8⁶

111 621 173 674 lam
185 620 284 674 Saliare
295 623 403 676 Numae
416 641 523 677 carmen
537 626 581 691 qui
594 625 693 685 laudat,
706 633 733 677 et
747 624 820 694 illud,

112 688 188 747 Quod
201 707 310 744 mecum
322 694 431 761 ignorat,
445 693 517 746 solus
528 693 584 745 vult
597 695 664 746 scire
678 694 769 763 videri,

78 763 80 766 ’
112 758 229 826 Ingeniis
240 761 349 813 nou'ille
363 761 435 814 favet
449 761 603 831 plauditque
616 764 736 832 sepultis,

112 827 209 879 Nostra
221 828 268 881 sed
282 829 429 898 impugnat,
442 848 490 883 nos
502 841 642 900 nostraque
654 831 752 884 lividus
764 829 828 883 odit.

112 895 212 953 Quodsi
226 906 281 950 tam
294 899 381 952 Graiis
393 900 496 952 novitas
508 899 594 952 invisa
606 899 700 952 luisset
964 902 997 951 90

14 1033 17 1037 A
113 964 202 1022 Quam
214 966 297 1029 nobis,
309 968 373 1035 quid
386 985 456 1020 nuno
468 977 539 1020 esset
552 969 648 1021 vetusl
684 971 739 1021 Aut
751 968 813 1036 quid
826 967 945 1039 haberet,

112 1033 189 1092 Quod
202 1035 303 1103 legeret
314 1045 466 1105 tereretque
478 1037 575 1090 viritim
588 1037 710 1106 publicus
723 1037 805 1090 usual

112 1103 148 1156 Ut
160 1103 382 1174 primum-positis
393 1105 485 1173 nugari
497 1107 611 1158 Graecia
622 1106 701 1158 hellis

113 1173 206 1241 Coepit
218 1183 244 1226 et
257 1174 284 1226 in
297 1175 391 1229 vitium
404 1174 508 1227 fortuna
520 1175 603 1228 labier
614 1191 708 1243 aequa,

112 1242 192 1295 Nunc
204 1242 365 1296 athletarum
378 1244 480 1312 studiis,
494 1261 562 1296 nuno
574 1245 638 1296 arsit
650 1260 787 1314 equorum,
964 1247 997 1311 9.⁵

113 1311 256 1363 Marmoris
268 1321 313 1364 aut
326 1312 414 1365 eboris
426 1312 515 1366 fabros
525 1323 572 1365 aut
583 1313 654 1365 aeris
665 1314 773 1383 amavit,

113 1379 254 1448 Suspendit
267 1381 337 1459 picta
350 1380 452 1434 vultum
465 1391 639 1450 mentemque
652 1382 759 1451 tabella,

112 1450 192 1502 Nunc
205 1449 366 1517 tibicinibus,
379 1467 451 1502 nunc
463 1459 503 1502 est
515 1451 607 1517 gavisa
619 1451 766 1520 tragoedis3

113 1517 169 1570 Sub
181 1519 285 1571 nutrice
298 1519 389 1589 puella
400 1519 475 1571 velut
487 1519 510 1571 si
522 1519 627 1572 luderet
639 1518 734 1590 infans,

113 1586 190 1644 Quod
204 1587 302 1657 cupide
314 1588 398 1656 petiit,
412 1596 516 1641 mature
528 1589 608 1658 plena
620 1588 734 1656 reliquit.
949 1592 997 1642 100

112 1655 183 1714 Quid
196 1656 284 1726 placet
297 1665 343 1709 aut
355 1657 414 1708 odio
427 1667 474 1723 est,
488 1658 558 1726 quod
571 1674 622 1710 uon
636 1657 766 1710 mutabile
778 1656 893 1711 credasl

112 1725 169 1777 Hoc
181 1743 263 1794 paces
274 1725 392 1778 habuere
406 1726 490 1778 bonae
502 1728 630 1796 ventique
643 1726 762 1798 secundi,

112 1793 213 1847 Romae
226 1794 304 1847 dulce
317 1795 362 1848 diu
375 1794 425 1847 luit
438 1803 465 1847 et
477 1795 607 1849 sollemne
620 1796 724 1848 reclusa

112 1863 196 1915 Mane
209 1863 288 1916 domo
299 1864 418 1932 vigilare,
432 1863 523 1917 clienti
536 1881 656 1934 promere
667 1863 733 1934 jura,

112 1932 211 1984 Cautes
223 1933 375 1987 nominihus
387 1933 467 1985 rectis
479 1934 632 2001 expendere
644 1950 775 2004 nummos,
949 1937 997 1987 105

112 2000 231 2069 Majores
241 2001 342 2070 audire,
356 2002 451 2055 minori
462 1999 559 2070 dicere,
573 2019 620 2070 per
632 2019 700 2071 quae

91 2136 94 2141 ³
112 2070 238 2123 Crescere
251 2088 294 2124 res
305 2081 401 2140 posset,
415 2071 499 2122 minui
512 2070 641 2124 damnosa
653 2070 744 2124 libido.

112 2139 230 2192 Mutavit
242 2148 360 2193 mentem
374 2139 488 2209 populus
499 2140 567 2191 levis
578 2148 606 2192 et
618 2139 687 2192 calet
700 2157 751 2192 uno

75 2319 150 2363 -81.
167 2316 254 2364 Patres
264 2340 288 2360 =
301 2319 480 2366 seniores-82.
498 2319 613 2377 Aesopus
624 2319 669 2367 end
688 2319 800 2375 Roscius,
813 2318 855 2366 the
867 2328 916 2366 two
932 2329 996 2368 most

76 2373 214 2422 celebrated
234 2375 330 2424 Roman
353 2387 442 2432 cotors,
465 2377 523 2424 both
548 2379 751 2436 contemporaries
772 2377 800 2425 of
823 2377 926 2426 Cicero:
954 2379 995 2426 the

76 2432 166 2481 former
180 2433 287 2483 excelled
304 2435 328 2482 in
344 2436 453 2495 tragedy‚
466 2436 507 2482 the
524 2435 595 2483 letter
611 2437 635 2483 in
651 2437 841 2496 comeda-84.
858 2437 995 2486 Minoribus

75 2513 99 2534 =
110 2493 338 2552 ¹iunioribus-86.
362 2494 458 2542 Saliare
476 2493 569 2541 Numae
586 2511 686 2550 carmen,
705 2497 746 2543 the
765 2496 804 2543 old
824 2497 899 2555 hymn
916 2497 995 2545 which

75 2565 127 2598 was
139 2567 184 2598 sun
213 2551 296 2619 hythe
308 2553 396 2611 priests
406 2553 433 2599 ol
443 2554 508 2600 Mars
520 2552 545 2598 in
556 2551 598 2598 the
609 2555 749 2610 processioa
756 2554 836 2601 which
846 2554 904 2613 they
914 2556 992 2610 made,

74 2567 202 2669 equippeff
209 2611 266 2658 with
278 2611 320 2658 the
331 2611 414 2658 sacred
426 2610 524 2658 shields.
557 2609 620 2657 This
636 2611 719 2670 hymn,
733 2612 782 2659 like
794 2612 825 2659 all
837 2613 877 2660 the
889 2612 928 2660 old
940 2614 994 2660 reli·

74 2668 146 2773 picus
156 2668 315 2725 institutione,
329 2685 379 2717 was
390 2668 500 2718 ascribed
511 2679 537 2717 to
549 2667 640 2715 Numa.
673 2669 696 2718 It
707 2686 758 2717 was
769 2671 834 2730 quite
847 2671 992 2732 unintelligi-

93 2726 115 2774 le
127 2738 152 2774 to
163 2727 204 2775 the
217 2728 325 2776 Romans
337 2729 362 2775 in
373 2729 491 2776 Horace's
503 2728 571 2780 rime,
584 2726 630 2774 and
642 2743 693 2775 was
709 2729 838 2786 explained
855 2732 885 2788 hy
898 2729 996 2779 learned

74 2784 230 2890 philologists
248 2787 272 2834 in
292 2802 364 2845 many
380 2786 491 2835 different
511 2801 586 2845 ways.
618 2785 703 2834 Hence
722 2787 839 2836 Horace's
857 2788 954 2835 remark
971 2789 995 2836 in

85 2844 123 2891 ine
139 2847 258 2893 tta—88.
276 2845 382 2907 Sepultie
391 2863 402 2902 ,·
420 2846 518 2900 thetis,
536 2847 675 2906 scriptorum
690 2850 920 2894 mortuarum-93.
941 2846 993 2895 Nu·

90 2905 138 2977 pri,
158 2907 197 2950 ‘to
216 2904 285 2951 write
305 2906 483 2972 poemsJ-Slk
505 2905 536 2952 In
554 2905 647 2959 vitium,
669 2905 733 2973 {into
752 2906 813 2960 vice,
832 2905 992 2973 effeminacy!

73 2962 993 3090 rtatthttt‘ltittlszltlgttttithullt?ttrhttsstttltttrlt

73 3078 115 3126 the
127 3089 176 3127 arts
192 3079 285 3140 rapidly
296 3091 321 3128 to
332 3080 472 3139 perlection,
485 3081 532 3128 and
544 3081 603 3127 then
617 3080 758 3128 abandoned
774 3082 848 3137 thern,
862 3098 889 3130 as
905 3098 918 3128 a
930 3081 995 3130 child

73 3137 134 3185 does
149 3153 168 3205 a¹
179 3138 406 3245 playthinp.-ltl2.
424 3138 493 3195 Hom
512 3139 617 3196 namely,
630 3139 671 3186 the
688 3140 790 3199 rapidity
801 3140 829 3188 of
841 3141 881 3188 the
899 3140 994 3189 Greeks

74 3196 99 3242 in
110 3197 229 3257 attaining
239 3213 281 3256 per
291 3198 378 3245 ection.
416 3197 488 3246 Venti
497 3200 595 3246 secundi
603 3217 629 3237 =
640 3200 895 3260 douafortuaa.-103.
915 3200 993 3248 Rome

74 3254 135 3303 used
147 3265 236 3304 tooure
247 3256 304 3316 only
316 3257 352 3304 for
363 3256 577 3305 business-105.
597 3255 686 3304 Gaulos
701 3275 805 3305 urrmmas
817 3261 943 3319 expendere
957 3259 994 3306 for

72 3322 141 3361 caute
151 3331 255 3362 nummos
267 3318 400 3376 expendere.
432 3314 532 3370 Nomen,
543 3315 568 3362 in
579 3317 1010 3383 money-matters„meanse'dnax}

73 3371 140 3426 debr,
153 3388 203 3420 ora
214 3374 301 3421 debtor
312 3389 339 3421 or
349 3374 463 3432 creditor,
477 3376 520 3425 the
537 3391 595 3425 sum
607 3375 671 3425 bein
697 3373 844 3424 markeh'in
850 3372 898 3439 the
907 3370 1028 3413 itemst

64 3430 247 3540 accounrbqook
264 3432 342 3484 under
352 3434 396 3484 the
411 3436 507 3487 ‘name'
523 3434 552 3488 ol
565 3436 612 3488 the
629 3393 753 3493 ambitor,
764 3431 820 3481 auh
832 3423 987 3476 ww&
1020 3413 1049 3453 λ
