2160 3712
87 140 145 198 212
391 151 419 202 c.
443 149 576 194 acuam
597 148 707 192 annom

53 250 57 265 '
122 266 200 319 Ibant
212 263 314 317 octonis
325 262 474 315 referentes
486 261 574 314 idibus
585 277 648 313 aere
655 277 663 329 3
987 267 1016 318 ⁷⁶

122 335 174 389 Sed
187 350 299 404 puerum
312 341 354 384 est
365 349 448 384 ausus
459 332 572 384 Romam
584 338 688 399 portare
700 328 861 385 docendum

122 406 208 472 Artes,
222 419 289 472 quas
302 403 398 454 doceat
410 401 498 470 quivis
510 417 593 468 eques
604 407 685 467 atque
697 407 810 452 senator

123 474 213 526 Semel
227 481 381 540 prognatos:
401 479 504 522 vestem
519 485 662 537 servosque
674 477 833 540 sequentes,

122 542 153 595 In
166 558 262 610 magno
276 548 305 592 ut
316 538 420 608 populo,
434 541 457 590 si
470 539 515 607 qui
527 538 644 606 vidisset,
657 538 730 589 avita

124 613 165 664 Ex
178 628 206 663 re
219 609 340 679 praeberi
353 616 477 678 sumptus
491 608 557 660 mihi
571 605 693 659 crederet
706 606 775 660 illos.
984 613 1014 663 80

123 682 184 749 Ipse
198 678 265 731 mibi
279 687 369 731 custos
381 677 623 745 incorruptissimus
634 692 730 728 omnes

124 751 230 802 Circum
245 747 366 799 doctores
379 746 480 798 aderat.
516 745 586 804 Quid
599 745 702 798 multal
720 745 864 818 pudicum,

124 818 175 876 Qui
190 817 292 886 primus
305 817 411 868 virtutis
423 815 513 884 honos,
527 815 641 867 servavit
653 814 688 866 ab
700 815 773 867 omni

123 888 182 940 Non
197 887 282 938 solum
296 885 374 953 lacto,
388 902 481 937 verum
495 884 632 953 opprobrio
645 901 749 952 quoque
762 885 836 955 turpi
843 901 853 956 5

123 957 183 1009 Nec
196 955 292 1022 timuit,
307 955 358 1006 sibi
371 971 405 1005 ne
418 954 481 1005 vitio
495 955 554 1022 quis
565 962 689 1021 verteret,
702 953 767 1009 olim
981 958 1010 1008 85

123 1025 150 1077 si
164 1040 260 1093 praeco
272 1031 433 1092 pervasam,
448 1034 475 1075 ut
488 1023 536 1074 suit
550 1023 616 1091 ipse,
630 1031 734 1075 coactor

123 1094 268 1147 Mercedes
280 1109 420 1160 sequerer:
434 1109 522 1160 neque
535 1108 584 1159 ego
597 1108 686 1145 essem
699 1099 812 1161 questus
818 1109 826 1162 3
839 1102 868 1146 at
880 1092 934 1146 hoo
945 1108 1010 1146 nuuc

124 1165 195 1216 Laus
207 1163 244 1214 illi
257 1161 370 1214 debetur
383 1170 409 1213 et
421 1179 438 1212 a
449 1178 495 1213 me
506 1162 590 1228 gratia
603 1160 694 1230 major.

124 1233 168 1286 Nil
182 1250 224 1284 me
238 1231 371 1300 poeniteat
383 1247 479 1282 sanum
492 1231 573 1298 patris
585 1229 664 1298 hujus
672 1247 679 1298 3
699 1245 785 1299 eoque

124 1302 192 1370 Non,
206 1311 234 1353 ut
247 1317 345 1366 magna
357 1299 417 1351 dolo
431 1299 531 1352 lactum
546 1310 625 1366 negat
638 1316 698 1352 esse
710 1315 759 1351 suo
771 1316 843 1370 pars,
979 1325 1008 1375 90

125 1371 203 1429 Quod
215 1386 267 1421 non
280 1371 409 1435 ingenuos
421 1369 518 1423 habeat
530 1369 668 1436 clarosque
680 1376 814 1439 parentes,

125 1440 168 1492 Sic
182 1457 225 1491 me
238 1437 392 1491 defendam.
429 1440 519 1506 Longe
531 1455 594 1491 mea
606 1439 740 1507 discrepat
753 1438 810 1491 istis

125 1511 159 1561 Et
173 1526 222 1560 vox
236 1516 261 1559 et
276 1508 357 1575 rati03
376 1509 473 1559 namsi
487 1517 580 1561 natura
592 1507 696 1576 juberet

125 1581 150 1630 A
162 1578 242 1630 certis
254 1579 331 1629 annis
342 1593 440 1628 aevum
454 1594 574 1630 remeare
587 1585 731 1646 peractum,

124 1651 214 1715 Atque
227 1646 292 1698 alios
304 1647 394 1714 legere
406 1645 441 1698 ad
455 1647 552 1700 fastum
565 1663 747 1715 quoscumque
760 1653 897 1716 parentes,
980 1649 1009 1698 00

125 1717 233 1783 Optaret
247 1716 296 1767 sibi
309 1716 437 1783 quisque:
455 1716 525 1768 meis
537 1725 677 1767 contentus
688 1713 817 1768 honestos

126 1785 256 1836 Fascibus
269 1794 295 1836 et
308 1785 381 1836 sellis
394 1785 492 1836 nollem
506 1785 570 1837 mihi
584 1801 697 1853 sumere,
712 1785 828 1838 demens

125 1854 229 1907 Judieio
242 1855 321 1921 vulgi,
336 1871 416 1905 sanus
429 1855 541 1906 sortasse
554 1867 606 1914 tuo,
619 1854 688 1921 quod

126 1923 234 1976 Nollem
247 1941 313 1974 onus
326 1923 396 1974 haud
410 1941 529 1992 unquam
542 1924 633 1975 solitus
646 1931 748 1990 portare
761 1925 919 1978 molestum.

125 1993 198 2045 Nam
210 1993 275 2044 mihi
288 1993 410 2043 continuo
424 1993 508 2061 major
521 1993 673 2060 quaerenda
685 1991 752 2044 foret
765 2010 809 2046 res
968 1996 1011 2045 100

126 2067 215 2131 Atque
229 2062 360 2113 salutandi
373 2062 478 2129 plures3
497 2061 636 2113 ducendus
649 2070 675 2113 et
690 2079 756 2113 unus

92 2238 176 2285 calculi
192 2253 255 2285 were
275 2237 366 2285 carried
385 2237 409 2284 in
428 2237 469 2284 the
489 2240 649 2288 loculi-75.
669 2238 808 2300 Referentoe
825 2259 891 2296 acm,
913 2243 1013 2348 ‘Faying

92 2297 155 2343 their
173 2296 337 2343 school-sees‘
371 2297 435 2343 Aera
451 2297 533 2344 Idibus
548 2320 572 2340 =
587 2301 695 2359 cingulos
715 2316 780 2346 aerea
796 2302 905 2360 singulis
937 2304 1010 2355 dibus,

92 2356 127 2402 lor
144 2371 180 2401 we
198 2355 271 2401 know
287 2356 338 2402 that
356 2356 396 2402 the
416 2356 524 2402 children
543 2367 567 2403 at
586 2356 734 2416 elementary
752 2357 850 2406 schools
870 2361 926 2419 pald
943 2376 972 2407 an
987 2377 1012 2406 ar

92 2414 211 2472 monthly,
225 2414 272 2461 and
288 2414 380 2474 always
396 2431 428 2462 on
445 2415 484 2461 the
501 2415 560 2464 ides.
593 2417 620 2463 In
633 2417 673 2463 the
689 2417 774 2475 higher
784 2417 883 2465 schools
900 2427 1013 2478 payment

92 2489 143 2520 was
153 2473 222 2520 made
234 2473 269 2519 for
279 2474 319 2520 the
329 2475 429 2521 session.
458 2475 512 2522 'l'he
522 2475 574 2522 ides
583 2490 622 2521 are
632 2475 708 2522 called
718 2487 819 2531 octonae,
831 2479 937 2525 because
947 2480 1012 2525 there

93 2548 156 2579 were
166 2532 231 2591 eight
240 2532 299 2591 days
309 2534 421 2579 between
429 2533 469 2579 the
479 2549 554 2581 nones
562 2534 609 2582 and
617 2535 760 2582 them-77.
770 2534 857 2583 Doceat
866 2560 891 2579 =
902 2541 1012 2584 docendos

92 2596 232 2640 curet-78.
250 2592 325 2638 Semet
335 2602 463 2652 prognatos
474 2616 498 2635 =
505 2595 572 2654 filios
584 2610 646 2641 suos.
654 2597 728 2641 -79.
743 2594 774 2641 Ut
787 2596 813 2641 in
824 2612 911 2656 magno
921 2600 1011 2658 populo,

92 2668 119 2699 as
129 2653 148 2698 is
159 2667 286 2710 necessary
296 2651 319 2697 in
329 2667 343 2697 a
352 2651 385 2698 lar
403 2667 416 2697 e
426 2652 491 2709 city!
516 2654 554 2699 He
565 2654 620 2700 thus
630 2668 733 2700 excuses
742 2653 779 2700 his
789 2653 891 2701 l'ather‘s
900 2665 1013 2714 apparent

92 2723 273 2770 extravagance.
283 2732 314 2741 -
324 2714 360 2756 82.
382 2667 492 2757 donnect
510 2714 631 2771 (pudicum
646 2734 669 2754 =
683 2718 779 2773 patrum)
795 2715 823 2760 ab
838 2715 1012 2774 omni-sacto.

91 2775 159 2817 -85.
176 2770 247 2823 Olim,
266 2785 292 2816 as
308 2769 452 2827 frequently,
468 2789 492 2810 =
507 2773 643 2830 aliquando,
662 2771 777 2830 rcl'erring
794 2781 818 2817 to
835 2772 877 2818 the
895 2772 1014 2820 future.-

92 2833 129 2876 86.
142 2831 165 2875 A
180 2847 263 2891 praeco
274 2829 321 2875 and
332 2844 346 2874 a
356 2838 451 2882 coactor,
466 2845 491 2875 as
504 2841 527 2875 to
539 2830 618 2876 which
632 2831 702 2876 latter
714 2845 825 2888 compare
839 2831 880 2877 the
893 2832 1012 2879 introduc·

92 2889 151 2942 tion,
171 2888 217 2935 had
234 2903 304 2934 mean
322 2886 410 2941 trades,
428 2887 507 2934 which
524 2889 698 2946 incapacitated
715 2889 780 2935 thern
798 2888 834 2936 lor
849 2889 952 2950 holding
968 2907 996 2937 an

92 2947 171 3002 office,
185 2962 246 2994 even
262 2947 286 2993 in
303 2946 343 2993 the
360 2945 458 2993 smaller
474 2957 554 2994 towns
570 2948 597 2994 os
610 2948 765 3005 Italy-87.
779 2947 890 2995 Connect
905 2953 945 2997 lroc
956 2905 1013 2996 will

91 3008 174 3065 major,
191 3006 246 3052 ‘the
263 3005 374 3065 greater!
384 3009 459 3052 -89,
473 3005 596 3053 Poeniteot
611 3024 646 3053 me
661 3007 727 3062 here,
743 3007 855 3061 anesten,
872 3007 899 3055 ‘I
914 3024 953 3055 am
965 3009 1012 3056 dis·

92 3065 221 3111 contented
232 3064 376 3112 withJ-9u
388 3063 446 3111 Dolo
460 3081 511 3118 suo,
523 3065 644 3123 ajudicial
656 3067 794 3124 expression
806 3066 842 3112 lor
851 3083 896 3113 aaa
905 3071 1015 3128 culpa.-

93 3125 129 3187 90.
142 3123 223 3173 Ratio.
240 3124 367 3181 ‘opinion’
377 3127 453 3170 -95,
465 3123 506 3169 Ad
514 3124 618 3183 suatum,
635 3125 780 3184 ‘according
794 3135 827 3177 to,
841 3135 906 3173 orto
919 3126 1011 3186 satisly,

92 3180 130 3227 hts
152 3181 234 3238 pride.'
246 3186 322 3229 -90,
341 3182 450 3228 Connect
471 3186 577 3229 honestos
595 3189 626 3235 (=
642 3187 773 3237 honoratos)
783 3186 894 3243 foecibus
912 3194 932 3232 et
949 3188 1013 3233 cellis

93 3242 320 3305 {cancticum-98.
336 3241 386 3287 Tuo
392 3243 493 3300 judicio,
508 3240 639 3289 Maecenas
651 3242 751 3289 himself
759 3243 848 3302 having
860 3259 874 3290 a
884 3254 953 3301 great
965 3244 1012 3292 dis·

93 3298 232 3343 rnclmatron
244 3308 269 3345 to
280 3299 336 3346 take
348 3299 426 3347 office.
435 3322 467 3332 -
476 3303 526 3347 tou.
540 3299 599 3354 Res,
614 3301 757 3358 ‘nronertyl
771 3323 802 3332 -
810 3306 864 3345 rot.
874 3302 1011 3351 salutandi.

88 3355 149 3405 This
163 3357 241 3407 refers
260 3370 284 3407 to
306 3360 347 3408 the
368 3360 538 3409 well-known
559 3359 662 3407 Roman
680 3367 780 3404 custom
793 3356 820 3399 ol
835 3356 930 3410 osytae,
941 3372 961 3400 a
970 3359 1028 3417 {aaran

71 3421 208 3475 (salutatu)
220 3431 248 3470 to
256 3431 332 3484 great
341 3438 403 3472 men
414 3419 543 3484 regularly
553 3418 582 3466 'm
592 3418 636 3465 the
647 3414 776 3468 morning·
803 3412 828 3454 A
835 3418 1046 3463 mmmm&
