2160 3712
351 145 572 206 urtsrounrrupr
593 146 656 188 rus.
677 144 713 186 11.
934 128 993 188 289

108 257 196 318 Quae.
209 255 305 326 priscis
316 265 463 310 memorata
476 255 621 309 Catonibus
631 264 713 325 atque
725 255 860 325 Cethegis,
872 281 874 287 ·

108 329 188 381 Nunc
200 329 266 378 situs
278 325 398 378 informis
410 327 505 394 premit
519 336 545 378 et
558 325 666 378 deserta
679 335 813 394 vetttstas;

108 396 250 449 Adsciscet
263 411 339 464 nova,
353 411 423 464 quae
434 396 537 463 genitor
549 395 700 464 produxerit
714 411 785 448 usus.

108 464 265 517 Vehemens
277 472 304 515 et
316 463 434 531 liquidus
446 481 564 533 puroque
576 465 731 517 simillimus
742 465 815 517 amni
947 469 995 519 120

109 534 214 587 Fundet
227 550 293 602 opes
305 533 465 601 Latiumque
480 533 569 586 beabit
581 533 664 586 divite
677 533 768 600 lingua
776 550 784 602 3

109 603 285 656 Luxurianris
296 611 459 671 compescet,
473 604 554 655 nimis
566 619 661 672 aspera
674 619 738 656 sanc

109 673 223 726 Levabit
235 671 316 739 cultu,
330 673 427 723 virtute
439 673 557 724 carentia
570 673 651 739 tollet,

109 741 240 795 Ludentis
253 741 374 810 speciem
385 740 460 794 dabit
472 751 499 793 et
511 742 684 812 torquebitur,
698 750 727 794 ut
739 742 784 810 qui

109 812 189 865 Nunc
203 811 333 880 Satyrum,
347 827 418 862 nunc
430 819 563 877 agrestem
577 812 694 882 Cyclopa
709 821 838 865 movetur.
948 816 996 864 125

109 880 286 934 Praetulerim
299 880 408 949 scriptor
419 879 521 934 delirus
534 881 658 950 inersque
672 880 764 948 videri,

109 950 182 1003 Dum
195 967 257 1003 mea
268 949 404 1002 delectent
417 949 488 1002 mala
501 967 544 1002 me
559 951 600 1002 vel
614 952 729 1020 (lenique
743 951 844 1018 saltant,

110 1020 198 1077 Quam
212 1036 305 1087 sapere
319 1028 345 1071 et
358 1018 443 1085 ringil
478 1019 540 1072 Fuit
552 1019 621 1072 haud
636 1019 759 1088 ignobilis
772 1020 857 1089 Argis,

110 1088 162 1147 Qui
175 1105 204 1140 se
217 1087 343 1141 credebat
356 1091 438 1140 miros
449 1089 542 1141 audire
556 1090 696 1158 tragoedos

110 1160 140 1211 ln
155 1175 239 1211 vacuo
252 1157 340 1211 laetus
352 1174 438 1211 sessor
452 1158 611 1228 plausorque
624 1158 735 1229 theatro,

110 1229 207 1280 Cetera
219 1228 265 1296 qui
277 1228 348 1279 vitoe
361 1237 479 1280 servaret
493 1230 582 1280 munia
596 1239 667 1280 recto

110 1297 197 1366 More,
211 1298 296 1351 bonus
307 1314 372 1349 sane
385 1296 638 1365 vicinus,.amabilis
650 1299 754 1367 hospes,

110 1367 201 1420 Comis
214 1368 238 1419 in
252 1383 371 1434 uxorem,
385 1376 474 1436 posset
487 1369 530 1435 qui
543 1368 680 1434 ignoscere
694 1369 778 1421 servis

100 1436 146 1489 ·Et
159 1436 235 1504 signo
247 1435 321 1488 laeso
333 1452 384 1487 non
398 1436 513 1488 insanire
526 1437 647 1506 lagenae,

111 1507 203 1558 Posset
216 1506 261 1575 qui
275 1522 368 1573 rupem
382 1513 409 1557 et
421 1517 532 1574 puteum
546 1508 629 1559 vitare
644 1515 788 1575 patentem.

110 1574 161 1628 Hic
175 1575 219 1627 ubi
231 1584 403 1642 cognatorum
416 1576 513 1643 opibus
524 1575 648 1644 curisque
662 1574 778 1628 reiectus

111 1644 222 1714 Expulit
233 1643 352 1696 elleboro
365 1645 487 1697 morbum
501 1645 637 1713 bilemque
651 1661 765 1714 meraco,

111 1714 146 1768 Et
160 1714 227 1766 redit
239 1714 273 1766 ad
287 1730 362 1766 sese:
384 1714 442 1766 ‘Pol
454 1731 501 1766 me
512 1715 657 1781 occidistis,
670 1715 762 1783 amici,

111 1784 172 1838 Non
185 1784 326 1852 servastis,'
340 1783 385 1851 ait,
401 1785 459 1836 ‘cui
472 1785 511 1837 sic
523 1794 625 1838 extorta
637 1784 767 1853 voluptas,

112 1853 146 1906 Et
159 1852 285 1922 demptus
300 1870 346 1921 per
359 1854 412 1905 vim
428 1855 527 1906 mentis
537 1854 704 1922 gratissimus
716 1853 805 1906 error.²
950 1860 997 1908 tto

110 1923 245 1975 Nimirum
258 1939 351 1991 sapere
365 1931 406 1976 est
418 1922 532 1991 abjectis
545 1923 608 1975 utile
621 1923 707 1991 nugis,

111 1992 146 2045 Et
159 1994 349 2060 tempestivum
362 1992 451 2060 pueris
463 1992 612 2045 concedere
626 1992 727 2060 ludum,

110 2064 214 2114 Aenon
229 2062 310 2114 v'erba
323 2063 398 2130 sequi
411 2062 510 2114 fidibus
522 2061 685 2114 modulanda
698 2061 807 2130 Latinis,

110 2130 164 2183 Sed
176 2146 256 2182 verae
268 2147 450 2200 numerosque
463 2131 611 2200 modosque
624 2132 744 2184 ediscere
757 2132 838 2183 vitae.

110 2199 242 2258 Quocirca
254 2217 362 2252 mecum
376 2200 466 2270 loquor
479 2201 545 2253 haec
559 2201 709 2269 tacitusque
722 2201 859 2254 recordor:
950 2206 997 2255 146

111 2269 152 2322 ‘Si
165 2269 212 2322 tibi
224 2270 296 2322 nulla
309 2270 381 2323 sitim
393 2270 481 2333 finiret
492 2271 569 2341 copia
581 2270 719 2341 lymphae,

110 2339 239 2392 Narrares
251 2338 377 2392 medicis:
397 2341 476 2410 quod,
490 2351 589 2410 quanto
601 2341 677 2411 plura
689 2339 795 2411 parasti,

74 2529 156 2576 which
167 2528 229 2576 heve
240 2529 367 2597 gradually
375 2546 437 2591 gone
449 2542 491 2578 out
502 2530 530 2578 oi
536 2534 671 2580 use-117.
684 2530 719 2578 M.
730 2530 859 2579 Cornelius
870 2531 997 2591 Cethegus

74 2589 228 2636 wssconsul
244 2604 268 2636 tu
284 2592 329 2636 204
340 2605 364 2637 s.
377 2604 397 2637 c.
430 2592 468 2637 As
485 2602 510 2636 ιο
525 2590 567 2637 the
584 2590 733 2647 attachment
750 2589 778 2637 os
793 2590 833 2638 the
851 2591 955 2649 Cethegi
972 2605 997 2640 to

73 2648 221 2717 eqerytbing
236 2647 285 2701 old,
298 2663 410 2706 compare
421 2650 472 2697 Ars
487 2654 549 2711 psit.
567 2652 605 2704 43,
619 2648 666 2696 and
682 2648 909 2708 following.-l20.
929 2651 996 2699 Reud

73 2721 195 2766 uehemens
207 2732 234 2764 as
245 2719 307 2765 deser
324 2717 347 2765 in
359 2718 374 2764 i.
389 2721 424 2773 12,
438 2721 559 2766 at.-123.
572 2717 895 2780 lacteamque-124.
913 2719 944 2766 Ut
956 2725 998 2780 qui

72 2785 218 2828 -enooetsr,
232 2775 281 2823 like
292 2791 306 2824 a
317 2776 400 2836 pluyer
411 2777 435 2824 in
447 2793 461 2824 a
472 2778 629 2836 pentomime‚
643 2778 699 2826 who
710 2787 848 2835 represents
860 2779 996 2827 characters

73 2837 107 2896 by
124 2850 191 2883 mere
207 2835 389 2895 gesticulatione
405 2836 451 2882 und
468 2847 621 2884 movements
637 2837 664 2884 os
677 2838 714 2885 his
732 2836 810 2894 body:
829 2835 895 2889 here.
909 2838 945 2884 sor
961 2840 995 2886 in·

73 2906 168 2947 stenes,
181 2895 223 2941 tlte
235 2893 372 2941 characters
381 2895 411 2943 cl
424 2895 464 2942 the
476 2896 585 2943 drunlren
603 2896 676 2955 Setyr
692 2896 738 2944 and
756 2896 796 2942 the
809 2896 866 2944 rude
880 2896 995 2956 Cyclops.

74 2954 172 3002 Mami
182 2953 202 2999 is
214 2953 343 3000 construed
355 2954 414 3001 with
426 2954 467 3001 the
479 2955 626 3008 accusative.
641 2957 745 3003 because
757 2955 774 3001 it
786 2955 806 3002 is
814 2974 837 2996 =
846 2965 907 3004 motu
919 2960 995 3018 expri-

73 3030 141 3061 mere.
159 3012 256 3060 Scitote
264 3011 315 3061 also
326 3013 347 3060 is
356 3012 416 3061 used
425 3012 484 3059 with
495 3013 536 3061 the
547 3015 776 3063 accusative-128.
787 3015 863 3077 Hottd
874 3017 994 3076 ignobilis,

76 3079 106 3120 ‘a
122 3086 177 3120 men
189 3072 217 3119 cs
229 3086 297 3119 some
308 3072 381 3119 ncte.'
415 3072 460 3120 His
477 3087 556 3127 name,
571 3074 612 3120 tho
623 3073 752 3122 scholiasts
769 3089 823 3133 say,
838 3090 888 3121 wns
906 3075 993 3134 Lycas.

73 3135 156 3180 -134,
165 3129 242 3192 Signo
251 3133 274 3178 lc
293 3147 351 3178 enne
360 3133 431 3178 laeto.
445 3131 481 3178 ‘if
488 3131 528 3178 the
538 3132 589 3179 seul
601 3131 628 3179 os
636 3148 649 3179 a
661 3132 722 3180 liaslt
732 3147 781 3181 was
793 3134 894 3181 brohen’
907 3136 937 3194 by
948 3151 994 3183 one

73 3190 102 3239 oi
115 3192 156 3238 the
166 3189 255 3258 eleves.
269 3149 320 3236 thet
333 3189 363 3237 he
377 3189 452 3249 might
465 3190 526 3237 hove
538 3206 551 3237 s
562 3190 664 3252 draught
676 3191 704 3239 ol
717 3193 787 3239 wine.
820 3192 936 3241 Estables
948 3194 993 3244 and

73 3250 164 3310 liquors
177 3248 256 3296 which
268 3264 306 3296 we
323 3249 379 3297 loclr
395 3265 436 3307 up,
449 3249 509 3296 used
525 3260 551 3296 to
562 3252 592 3297 be
604 3251 685 3299 settled
702 3253 725 3298 in
742 3251 871 3312 antiquity,
885 3253 936 3300 that
953 3255 994 3302 the

73 3309 155 3357 slaves
167 3308 244 3377 might
256 3319 297 3355 not
309 3307 470 3367 pitter-137.
484 3308 608 3356 Hellibcrs
620 3326 671 3358 was
680 3310 826 3360 considered
832 3313 1003 3364 assumam

71 3367 110 3416 lor
127 3369 341 3426 insanus-141.
360 3367 459 3432 Sapere.
481 3375 522 3419 ‘to
538 3369 613 3433 stude
630 3371 797 3433 philosoph-s?
846 3367 1027 3423 Nurum*

63 3439 151 3473 mm!
161 3426 229 3535 ἔξω
246 3433 430 3489 poetro-14⁵.
442 3430 580 3493 Remulos¹
590 3432 657 3497 hers
668 3439 675 3461 ¹
685 3428 928 3490 medttstslftbh'l:
939 3417 1051 3484 ΨΜ
