2160 3712
75 114 135 175 300
269 184 278 213 Ι
373 126 407 176 a.
430 123 563 168 aaaron
583 122 696 166 uincor
750 179 753 184 ,

110 237 292 309 Reddereuqui
303 253 385 290 voces
396 236 454 307 jani
465 235 514 288 scit
526 252 594 304 puer
605 242 633 286 et
680 234 802 288 decerto
903 290 911 297 ,

111 311 202 378 Signat
216 309 337 374 lienium,
349 307 431 375 gestit
443 304 550 375 paribus
562 305 632 357 collu
654 322 708 371 ere,
723 303 750 357 et
763 305 833 359 iram

112 379 217 447 Colligit
229 395 261 430 ac
275 377 346 446 ponit
359 385 469 439 temere,
483 383 639 430 et-mutatur
652 373 778 426 inhoras.

112 447 244 502 imberbis
255 444 362 515 juvenis
374 445 484 497 tandem
496 442 605 496 custode
618 454 816 501 remotorum·
833 487 838 494 .

112 516 218 571 Gaudet
230 516 307 584 equis
318 514 483 592 canibusque
495 524 523 565 et
534 511 617 580 aprici
628 513 752 580 gramine
765 511 871 582 Campi,

112 588 212 639 Cereus
225 585 251 636 iii
264 585 360 639 vitium
374 583 454 652 flecti,
468 581 640 635 monitoribus
652 598 739 653 asper,

115 655 225 709 Utilium
239 654 329 705 tardus
341 653 466 721 provisor,
478 650 604 720 prodigus
615 651 694 718 aeris,
913 716 916 723 ,

113 725 240 777 Sublimis
252 723 421 790 cupidusque
434 731 460 772 et
472 729 562 772 ainata
575 719 727 789 relinquere
740 719 844 789 pernix.

113 793 254 845 Conversis
266 790 362 843 studiis
373 799 449 842 aetas
460 790 619 857 animusque
631 789 716 842 virilis
727 798 755 829 ³1⁶

113 861 223 920 Quaerit
235 877 300 929 opes
311 860 491 928 etamicitias²
505 857 613 910 inservit
626 858 726 926 honori,

113 931 285 984 Commisisse
297 939 383 996 cavet,
397 927 468 996 quod
481 944 543 980 mox
556 936 659 979 mutare
672 927 783 981 laboret.
836 981 839 988 ,

113 1001 201 1052 Multa
214 989 533 1050 sencin‘circumveniuut
547 997 724 1065 incommoda,
738 995 870 1075 qupd

115 1069 224 1128 Quaerit
237 1079 264 1119 et
277 1067 391 1118 inventis
402 1067 484 1119 miser
496 1065 612 1135 abstinet
624 1083 656 1117 ac
670 1066 748 1117 timet
761 1074 806 1133 uti,

112 1138 163 1190 Vel
176 1137 246 1206 quod
260 1153 302 1188 res
314 1153 409 1188 omues
421 1135 515 1187 timide
528 1120 672 1203 'gfflldeque
686 1136 824 1204 ministret,

114 1207 219 1274 Dilator,
234 1223 281 1275 spe
295 1204 397 1273 longiis,
410 1202 489 1273 inere,
503 1203 669 1273 pavidusque
682 1203 772 1274 futuri,
859 1242 865 1253 .

113 1274 244 1343 Difficilis,
258 1275 394 1344 querulus,
407 1273 526 1326 laudator
539 1270 665 1343 temporis
677 1266 732 1325 acti

112 1345 145 1398 sa
158 1362 248 1413 puero,
260 1342 560 1423 castigatochnqoique
576 1341 720 1412 minorum.

112 1414 202 1467 Multa
215 1414 301 1465 serunt
314 1413 376 1465 anni
390 1411 530 1465 v'enieiites
541 1408 684 1484 cliiiimoda
696 1428 798 1482 secum,

114 1483 202 1536 Multa
215 1483 374 1535 recedentes
385 1481 522 1534 adimunt:
543 1499 576 1534 ue
589 1481 656 1535 forte
668 1481 769 1534 seniles

113 1552 277 1605 Mandentur
286 1551 379 1621 juveni
392 1560 482 1621 partes
494 1567 629 1619 pueroque
641 1549 739 1602 viriles.

112 1622 223 1691 Semper
236 1623 262 1673 in
275 1620 410 1689 adjunctis
421 1636 542 1688 aevoque
556 1619 720 1683 morabimur
731 1619 810 1690 aptis.
888 1625 892 1631 '

43 1725 45 1728 -
114 1694 167 1745 Aut
180 1693 266 1758 agitur
278 1690 358 1743 resin
372 1689 461 1742 scenis
472 1701 518 1742 aut
530 1699 591 1742 acta
604 1689 724 1742 refertur.

112 1759 227 1826 Segnius
240 1760 338 1812 irritant
352 1760 457 1810 animos
469 1758 586 1811 demissa
599 1776 645 1828 per
656 1775 758 1826 aurem,

113 1829 200 1887 Quam
213 1847 283 1897 quae
296 1839 356 1880 sunt
369 1829 453 1881 oculis
466 1828 587 1897 subjecta
601 1828 725 1880 fidelibus
738 1839 764 1880 et
777 1844 848 1899 quae

112 1899 165 1966 ipsi
179 1898 229 1950 sibi
243 1899 321 1951 tradit
334 1908 480 1966 spectator:
500 1914 551 1950 non
565 1907 655 1949 tamen
668 1899 738 1957 intus

114 1969 200 2034 Digna
211 1968 268 2034 geri
281 1984 386 2036 promes
399 1968 424 2019 iii
438 1985 554 2033 scenam,
569 1967 706 2035 multaque
720 1966 798 2020 tolles

114 2037 156 2089 Ex
168 2037 258 2103 oculis,
273 2054 342 2105 quae
356 2053 418 2088 mox
430 2046 518 2088 narret
533 2036 657 2088 facundia
670 2054 804 2107 praeseus,

112 2107 154 2158 Ne
168 2123 264 2174 pueros
276 2124 365 2158 coram
378 2106 474 2174 populo
487 2106 722 2174 Medea'trucidet‚

112 2178 166 2228 Aut
180 2176 298 2226 humana
310 2175 399 2243 palam
412 2184 509 2244 coquat
521 2183 582 2226 exta
594 2176 712 2227 nefarius
724 2179 831 2246 Atreus,

112 2247 166 2296 Aut
181 2246 207 2296 iii
219 2262 298 2296 avem
313 2244 411 2296 Procne
425 2251 548 2312 vertatur,
563 2244 681 2297 Cadmus
694 2245 718 2296 in
731 2262 859 2312 anguem.

112 2313 296 2380 Quodcunque
309 2315 428 2366 ostendis
441 2313 508 2365 mihi
521 2314 568 2380 sic,
583 2313 735 2366 incredulus
747 2315 800 2366 odi.
817 2336 820 2341 ⁴

110 2383 188 2435 Neve
202 2383 287 2434 minoi
299 2400 352 2435 neu
365 2383 399 2435 sit
411 2384 502 2452 quinto
515 2382 663 2452 productior
675 2392 737 2435 actu

75 2616 279 2663 actions.'-158.
298 2616 363 2663 That
376 2619 403 2672 is,
418 2617 506 2665 achild
519 2618 573 2665 who
585 2618 629 2665 has
642 2618 694 2677 just
711 2617 808 2666 learned
821 2630 845 2665 to
856 2620 932 2678 speali
950 2622 997 2669 and

76 2675 184 2721 walh-
197 2679 245 2721 159.
264 2675 366 2723 Pariliur
380 2679 558 2735 :aequalibua
579 2677 631 2724 ‘his
647 2677 730 2735 equals
747 2679 771 2724 in
787 2679 941 2737 agel—163.
954 2681 995 2728 Ce-

76 2749 129 2780 reus
143 2735 362 2792 :facilia—164.
380 2734 490 2790 Uillium,
510 2751 644 2795 money.-
657 2741 705 2783 168.
721 2736 870 2784 commisisse
886 2738 922 2785 sor
936 2756 995 2787 coin·

75 2794 172 2838 mittere.
208 2793 286 2839 Grom.
300 2794 376 2846 1371,
391 2805 446 2840 note
459 2798 479 2839 2.
489 2817 519 2826 -
530 2799 578 2843 172.
596 2796 643 2856 Spe
654 2798 758 2856 longus:
778 2796 795 2841 it
808 2797 828 2842 is
841 2797 904 2856 long*
914 2798 995 2847 belore

75 2850 105 2917 he
118 2852 202 2910 begins
215 2863 238 2898 to
251 2852 319 2909 hope.
328 2875 359 2884 -
369 2857 418 2900 174.
437 2853 562 2901 Minorem
575 2875 599 2895 =
604 2857 775 2914 juniorum-
786 2859 835 2903 175.
853 2855 908 2902 The
925 2857 993 2904 scho-

76 2907 143 2975 liasts
156 2911 197 2956 tell
210 2927 237 2957 us
250 2911 301 2957 that
314 2911 354 2958 the
366 2912 506 2968 expression
523 2915 584 2959 crini
594 2916 692 2960 veniunt
705 2929 755 2960 was
772 2914 832 2961 used
844 2914 881 2961 till
893 2914 932 2961 the
949 2931 994 2974 nge

74 2966 101 3012 ol
114 2970 235 3027 huy-six,
249 2968 309 3016 after
321 2970 370 3017 that
383 2972 642 3019 institerint-180.
656 2972 771 3026 Demisso,
785 2976 835 3020 scil.
846 2976 869 3020 i'i
882 2976 993 3023 animuin.

74 3030 163 3074 -182,
182 3029 251 3074 Intus
268 3030 295 3074 di
301 3046 342 3087 ,na
352 3031 406 3089 geri
412 3045 422 3082 ;
436 3030 494 3075 such
508 3046 534 3077 as
546 3031 611 3076 cruel
623 3031 697 3078 deeds
714 3030 759 3078 and
777 3034 992 3090 metamorphos-es.

74 3082 153 3139 lutus,
170 3087 268 3133 ‘within
280 3047 321 3134 the
334 3088 518 3134 hemel-184.
536 3088 659 3136 Facundia
670 3107 791 3149 praeiens,
808 3090 865 3138 ‘the
877 3091 917 3138 clo
936 3105 992 3140 nunt

73 3143 162 3209 speech
179 3144 206 3191 os
219 3145 287 3192 those
304 3147 360 3193 who
376 3147 437 3193 have
453 3163 510 3192 seen
528 3147 703 3196 them.'-187.
721 3147 819 3197 Procne.
854 3149 900 3197 See
915 3109 991 3200 dorm.

74 3214 104 3246 iv.
124 3205 158 3267 12,
174 3206 194 3248 6.
228 3203 282 3249 The
303 3206 395 3263 history
412 3205 440 3250 of
454 3205 561 3252 Cadmus
579 3223 628 3254 was
649 3223 662 3253 a
681 3206 797 3255 savourite
815 3210 910 3268 subject
934 3213 992 3259 with

74 3257 246 3316 Euripides-
257 3266 306 3310 189.
330 3265 384 3311 The
403 3263 497 3311 Greeks
514 3265 610 3313 divided
626 3281 699 3323 every
715 3267 798 3314 drama
815 3269 866 3315 into
881 3273 945 3330 :polo
962 3289 984 3321 ος

72 3315 148 3383 diodor,
159 3320 209 3388 und.
218 3320 285 3366 three
297 3323 406 3389 ξπιιςόδια,
418 3323 466 3370 and
476 3324 518 3370 the
532 3324 696 3371 Alexandrian
706 3328 878 3381 grammaticus
895 3290 992 3384 ippded

69 3371 117 3426 this
137 3376 240 3431 division
260 3381 421 3444 universally.
455 3383 543 3431 Hence
561 3383 604 3430 the
623 3381 812 3434 hornarum.
825 3384 938 3436 required
949 3385 999 3427 aas
