<?xml version="1.0" encoding="UTF-8"?>
<!DOCTYPE html PUBLIC "-//W3C//DTD XHTML 1.0 Transitional//EN"
    "http://www.w3.org/TR/xhtml1/DTD/xhtml1-transitional.dtd">
<html xmlns="http://www.w3.org/1999/xhtml" xml:lang="en" lang="en">
 <head>
  <title>
</title>
<meta http-equiv="Content-Type" content="text/html;charset=utf-8" />
  <meta name='ocr-system' content='tesseract 3.04.00' />
  <meta name='ocr-capabilities' content='ocr_page ocr_carea ocr_par ocr_line ocrx_word'/>
</head>
<body>
  <div class='ocr_page' id='page_1' title='image "./eclogaeexqhorat00zumpgoog_0256.png"; bbox 0 0 2160 3712; ppageno 0'>
   <div class='ocr_carea' id='block_1_1' title="bbox 359 133 996 198">
    <p class='ocr_par' dir='ltr' id='par_1_1' title="bbox 359 133 996 198">
     <span class='ocr_line' id='line_1_1' title="bbox 359 133 996 198; baseline 0.009 -6"><span class='ocrx_word' id='word_1_1' title='bbox 359 149 583 193; x_wconf 77' lang='lat' dir='ltr'>narsromaorr</span> <span class='ocrx_word' id='word_1_2' title='bbox 602 151 665 195; x_wconf 80' lang='lat' dir='ltr'>crs.</span> <span class='ocrx_word' id='word_1_3' title='bbox 678 154 708 196; x_wconf 82' lang='lat' dir='ltr'>r.</span> <span class='ocrx_word' id='word_1_4' title='bbox 937 133 996 198; x_wconf 78' lang='lat' dir='ltr'>att</span> 
     </span>
    </p>
   </div>
   <div class='ocr_carea' id='block_1_2' title="bbox 15 259 996 2332">
    <p class='ocr_par' dir='ltr' id='par_1_2' title="bbox 15 259 996 2332">
     <span class='ocr_line' id='line_1_2' title="bbox 108 259 822 331; baseline 0.003 -16"><span class='ocrx_word' id='word_1_5' title='bbox 108 262 157 315; x_wconf 87' lang='lat' dir='ltr'>Est</span> <span class='ocrx_word' id='word_1_6' title='bbox 169 259 298 330; x_wconf 82' lang='lat' dir='ltr'>animum,</span> <span class='ocrx_word' id='word_1_7' title='bbox 311 260 405 314; x_wconf 89' lang='lat' dir='ltr'>differs</span> <span class='ocrx_word' id='word_1_8' title='bbox 416 261 526 314; x_wconf 88' lang='lat' dir='ltr'>curandi</span> <span class='ocrx_word' id='word_1_9' title='bbox 541 271 648 331; x_wconf 87' lang='lat' dir='ltr'>tempus</span> <span class='ocrx_word' id='word_1_10' title='bbox 661 264 687 315; x_wconf 91' lang='lat' dir='ltr'>in</span> <span class='ocrx_word' id='word_1_11' title='bbox 700 265 822 317; x_wconf 74' lang='lat' dir='ltr'>annuml</span> 
     </span>
     <span class='ocr_line' id='line_1_3' title="bbox 108 330 996 401; baseline 0.006 -18"><span class='ocrx_word' id='word_1_12' title='bbox 108 330 258 383; x_wconf 86' lang='lat' dir='ltr'>Dimidium</span> <span class='ocrx_word' id='word_1_13' title='bbox 271 330 343 400; x_wconf 81' lang='lat' dir='ltr'>sacti,</span> <span class='ocrx_word' id='word_1_14' title='bbox 356 331 402 398; x_wconf 91' lang='lat' dir='ltr'>qui</span> <span class='ocrx_word' id='word_1_15' title='bbox 415 331 510 399; x_wconf 87' lang='lat' dir='ltr'>coepit,</span> <span class='ocrx_word' id='word_1_16' title='bbox 524 330 621 383; x_wconf 87' lang='lat' dir='ltr'>habet:</span> <span class='ocrx_word' id='word_1_17' title='bbox 641 350 735 401; x_wconf 79' lang='lat' dir='ltr'>sapere</span> <span class='ocrx_word' id='word_1_18' title='bbox 748 334 833 387; x_wconf 91' lang='lat' dir='ltr'>aude:</span> <span class='ocrx_word' id='word_1_19' title='bbox 961 331 996 379; x_wconf 81' lang='grc'>40</span> 
     </span>
     <span class='ocr_line' id='line_1_4' title="bbox 106 399 752 469; baseline 0.003 -17"><span class='ocrx_word' id='word_1_20' title='bbox 106 400 209 469; x_wconf 80' lang='lat' dir='ltr'>Incipe.</span> <span class='ocrx_word' id='word_1_21' title='bbox 247 399 299 456; x_wconf 80' lang='lat' dir='ltr'>Qui</span> <span class='ocrx_word' id='word_1_22' title='bbox 312 408 384 451; x_wconf 90' lang='lat' dir='ltr'>recte</span> <span class='ocrx_word' id='word_1_23' title='bbox 396 400 505 453; x_wconf 80' lang='lat' dir='ltr'>vivendi</span> <span class='ocrx_word' id='word_1_24' title='bbox 517 409 638 468; x_wconf 85' lang='lat' dir='ltr'>prorogat</span> <span class='ocrx_word' id='word_1_25' title='bbox 651 402 752 469; x_wconf 78' lang='lat' dir='ltr'>horam,</span> 
     </span>
     <span class='ocr_line' id='line_1_5' title="bbox 107 468 792 539; baseline 0.003 -17"><span class='ocrx_word' id='word_1_26' title='bbox 107 469 234 522; x_wconf 79' lang='lat' dir='ltr'>Rusticus</span> <span class='ocrx_word' id='word_1_27' title='bbox 246 477 378 537; x_wconf 80' lang='lat' dir='ltr'>expectat,</span> <span class='ocrx_word' id='word_1_28' title='bbox 393 469 457 521; x_wconf 89' lang='lat' dir='ltr'>dum</span> <span class='ocrx_word' id='word_1_29' title='bbox 471 468 571 520; x_wconf 89' lang='lat' dir='ltr'>defluat</span> <span class='ocrx_word' id='word_1_30' title='bbox 583 472 671 523; x_wconf 87' lang='lat' dir='ltr'>amnis</span> <span class='ocrx_word' id='word_1_31' title='bbox 679 489 686 539; x_wconf 77' lang='lat'>5</span> <span class='ocrx_word' id='word_1_32' title='bbox 706 480 733 524; x_wconf 92' lang='lat' dir='ltr'>at</span> <span class='ocrx_word' id='word_1_33' title='bbox 745 471 792 524; x_wconf 90' lang='lat' dir='ltr'>ille</span> 
     </span>
     <span class='ocr_line' id='line_1_6' title="bbox 108 537 760 593; baseline 0.005 -2"><span class='ocrx_word' id='word_1_34' title='bbox 108 538 218 591; x_wconf 79' lang='lat' dir='ltr'>Labitur</span> <span class='ocrx_word' id='word_1_35' title='bbox 230 546 257 589; x_wconf 88' lang='lat' dir='ltr'>et</span> <span class='ocrx_word' id='word_1_36' title='bbox 269 537 374 589; x_wconf 89' lang='lat' dir='ltr'>labetur</span> <span class='ocrx_word' id='word_1_37' title='bbox 385 538 411 590; x_wconf 91' lang='lat' dir='ltr'>in</span> <span class='ocrx_word' id='word_1_38' title='bbox 425 554 504 589; x_wconf 91' lang='lat' dir='ltr'>omne</span> <span class='ocrx_word' id='word_1_39' title='bbox 517 537 641 591; x_wconf 85' lang='lat' dir='ltr'>volubilis</span> <span class='ocrx_word' id='word_1_40' title='bbox 652 557 760 593; x_wconf 81' lang='lat' dir='ltr'>aevum.</span> 
     </span>
     <span class='ocr_line' id='line_1_7' title="bbox 107 606 783 675; baseline 0.007 -17"><span class='ocrx_word' id='word_1_41' title='bbox 107 606 251 666; x_wconf 84' lang='lat' dir='ltr'>Quaeritur</span> <span class='ocrx_word' id='word_1_42' title='bbox 261 615 400 673; x_wconf 87' lang='lat' dir='ltr'>argentum</span> <span class='ocrx_word' id='word_1_43' title='bbox 414 607 556 675; x_wconf 92' lang='lat' dir='ltr'>puerisque</span> <span class='ocrx_word' id='word_1_44' title='bbox 570 607 648 660; x_wconf 89' lang='lat' dir='ltr'>beata</span> <span class='ocrx_word' id='word_1_45' title='bbox 660 610 783 662; x_wconf 82' lang='lat' dir='ltr'>creandis</span> 
     </span>
     <span class='ocr_line' id='line_1_8' title="bbox 108 675 728 744; baseline 0.002 -15"><span class='ocrx_word' id='word_1_46' title='bbox 108 677 188 742; x_wconf 84' lang='lat' dir='ltr'>Uxor,</span> <span class='ocrx_word' id='word_1_47' title='bbox 202 684 230 727; x_wconf 89' lang='lat' dir='ltr'>et</span> <span class='ocrx_word' id='word_1_48' title='bbox 244 675 361 727; x_wconf 88' lang='lat' dir='ltr'>incultae</span> <span class='ocrx_word' id='word_1_49' title='bbox 373 683 502 744; x_wconf 80' lang='lat' dir='ltr'>pacantur</span> <span class='ocrx_word' id='word_1_50' title='bbox 514 691 623 728; x_wconf 88' lang='lat' dir='ltr'>vornere</span> <span class='ocrx_word' id='word_1_51' title='bbox 636 677 728 730; x_wconf 79' lang='lat' dir='ltr'>silvae.</span> 
     </span>
     <span class='ocr_line' id='line_1_9' title="bbox 37 743 804 818; baseline 0.005 -22"><span class='ocrx_word' id='word_1_52' title='bbox 37 756 39 758; x_wconf 79' lang='grc'>’</span> <span class='ocrx_word' id='word_1_53' title='bbox 110 743 188 804; x_wconf 89' lang='lat' dir='ltr'>Quod</span> <span class='ocrx_word' id='word_1_54' title='bbox 201 744 265 796; x_wconf 88' lang='lat' dir='ltr'>satis</span> <span class='ocrx_word' id='word_1_55' title='bbox 277 753 325 812; x_wconf 81' lang='lat' dir='ltr'>est,</span> <span class='ocrx_word' id='word_1_56' title='bbox 340 745 382 795; x_wconf 91' lang='lat' dir='ltr'>cui</span> <span class='ocrx_word' id='word_1_57' title='bbox 395 744 531 812; x_wconf 84' lang='lat' dir='ltr'>contingit,</span> <span class='ocrx_word' id='word_1_58' title='bbox 546 745 582 797; x_wconf 92' lang='lat' dir='ltr'>nil</span> <span class='ocrx_word' id='word_1_59' title='bbox 595 747 711 815; x_wconf 86' lang='lat' dir='ltr'>amplius</span> <span class='ocrx_word' id='word_1_60' title='bbox 723 756 804 818; x_wconf 91' lang='lat' dir='ltr'>optet.</span> 
     </span>
     <span class='ocr_line' id='line_1_10' title="bbox 109 813 818 881; baseline 0.003 -14"><span class='ocrx_word' id='word_1_61' title='bbox 109 815 171 868; x_wconf 88' lang='lat' dir='ltr'>Non</span> <span class='ocrx_word' id='word_1_62' title='bbox 183 813 279 865; x_wconf 91' lang='lat' dir='ltr'>domus</span> <span class='ocrx_word' id='word_1_63' title='bbox 290 821 317 864; x_wconf 91' lang='lat' dir='ltr'>et</span> <span class='ocrx_word' id='word_1_64' title='bbox 330 813 436 881; x_wconf 81' lang='lat' dir='ltr'>fundus,</span> <span class='ocrx_word' id='word_1_65' title='bbox 450 830 501 865; x_wconf 91' lang='lat' dir='ltr'>non</span> <span class='ocrx_word' id='word_1_66' title='bbox 515 814 585 866; x_wconf 89' lang='lat' dir='ltr'>aeris</span> <span class='ocrx_word' id='word_1_67' title='bbox 597 832 709 868; x_wconf 86' lang='lat' dir='ltr'>acervus</span> <span class='ocrx_word' id='word_1_68' title='bbox 721 826 748 869; x_wconf 89' lang='lat' dir='ltr'>et</span> <span class='ocrx_word' id='word_1_69' title='bbox 760 817 818 870; x_wconf 88' lang='lat' dir='ltr'>auri</span> 
     </span>
     <span class='ocr_line' id='line_1_11' title="bbox 109 881 692 951; baseline -0.002 -15"><span class='ocrx_word' id='word_1_70' title='bbox 109 886 225 949; x_wconf 81' lang='lat' dir='ltr'>Aegroto</span> <span class='ocrx_word' id='word_1_71' title='bbox 237 881 339 934; x_wconf 89' lang='lat' dir='ltr'>domini</span> <span class='ocrx_word' id='word_1_72' title='bbox 352 882 462 934; x_wconf 88' lang='lat' dir='ltr'>deduxit</span> <span class='ocrx_word' id='word_1_73' title='bbox 474 899 581 951; x_wconf 90' lang='lat' dir='ltr'>corpore</span> <span class='ocrx_word' id='word_1_74' title='bbox 595 883 692 951; x_wconf 78' lang='lat' dir='ltr'>febres,</span> 
     </span>
     <span class='ocr_line' id='line_1_12' title="bbox 110 951 754 1024; baseline 0.002 -19"><span class='ocrx_word' id='word_1_75' title='bbox 110 953 171 1005; x_wconf 91' lang='lat' dir='ltr'>Non</span> <span class='ocrx_word' id='word_1_76' title='bbox 183 952 273 1002; x_wconf 88' lang='lat' dir='ltr'>animo</span> <span class='ocrx_word' id='word_1_77' title='bbox 285 967 377 1003; x_wconf 89' lang='lat' dir='ltr'>curas:</span> <span class='ocrx_word' id='word_1_78' title='bbox 398 951 486 1003; x_wconf 88' lang='lat' dir='ltr'>valeat</span> <span class='ocrx_word' id='word_1_79' title='bbox 499 967 634 1020; x_wconf 86' lang='lat' dir='ltr'>possessor</span> <span class='ocrx_word' id='word_1_80' title='bbox 646 961 754 1024; x_wconf 82' lang='lat' dir='ltr'>oportet,</span> 
     </span>
     <span class='ocr_line' id='line_1_13' title="bbox 110 1019 664 1089; baseline 0 -16"><span class='ocrx_word' id='word_1_81' title='bbox 110 1020 137 1074; x_wconf 83' lang='lat' dir='ltr'>si</span> <span class='ocrx_word' id='word_1_82' title='bbox 149 1021 320 1089; x_wconf 87' lang='lat' dir='ltr'>comportatis</span> <span class='ocrx_word' id='word_1_83' title='bbox 333 1019 413 1072; x_wconf 87' lang='lat' dir='ltr'>rebus</span> <span class='ocrx_word' id='word_1_84' title='bbox 425 1020 493 1072; x_wconf 90' lang='lat' dir='ltr'>bene</span> <span class='ocrx_word' id='word_1_85' title='bbox 506 1022 604 1086; x_wconf 86' lang='lat' dir='ltr'>cogitat</span> <span class='ocrx_word' id='word_1_86' title='bbox 618 1023 664 1073; x_wconf 91' lang='lat' dir='ltr'>uti.</span> 
     </span>
     <span class='ocr_line' id='line_1_14' title="bbox 30 1089 858 1158; baseline 0.005 -18"><span class='ocrx_word' id='word_1_87' title='bbox 30 1146 35 1153; x_wconf 18' lang='lat'>⁵</span> <span class='ocrx_word' id='word_1_88' title='bbox 110 1089 160 1148; x_wconf 84' lang='lat' dir='ltr'>Qui</span> <span class='ocrx_word' id='word_1_89' title='bbox 173 1090 247 1158; x_wconf 91' lang='lat' dir='ltr'>cupit</span> <span class='ocrx_word' id='word_1_90' title='bbox 258 1097 304 1140; x_wconf 89' lang='lat' dir='ltr'>aut</span> <span class='ocrx_word' id='word_1_91' title='bbox 318 1089 421 1158; x_wconf 87' lang='lat' dir='ltr'>metuit,</span> <span class='ocrx_word' id='word_1_92' title='bbox 434 1089 508 1158; x_wconf 87' lang='lat' dir='ltr'>juvat</span> <span class='ocrx_word' id='word_1_93' title='bbox 521 1089 596 1142; x_wconf 90' lang='lat' dir='ltr'>illum</span> <span class='ocrx_word' id='word_1_94' title='bbox 609 1091 648 1142; x_wconf 89' lang='lat' dir='ltr'>sic</span> <span class='ocrx_word' id='word_1_95' title='bbox 660 1090 757 1143; x_wconf 92' lang='lat' dir='ltr'>domus</span> <span class='ocrx_word' id='word_1_96' title='bbox 769 1099 795 1143; x_wconf 92' lang='lat' dir='ltr'>et</span> <span class='ocrx_word' id='word_1_97' title='bbox 808 1109 858 1145; x_wconf 91' lang='lat' dir='ltr'>res.</span> 
     </span>
     <span class='ocr_line' id='line_1_15' title="bbox 111 1158 786 1230; baseline 0 -18"><span class='ocrx_word' id='word_1_98' title='bbox 111 1158 146 1212; x_wconf 93' lang='lat' dir='ltr'>Ut</span> <span class='ocrx_word' id='word_1_99' title='bbox 158 1158 261 1226; x_wconf 91' lang='lat' dir='ltr'>lippum</span> <span class='ocrx_word' id='word_1_100' title='bbox 273 1158 360 1226; x_wconf 89' lang='lat' dir='ltr'>pictae</span> <span class='ocrx_word' id='word_1_101' title='bbox 373 1158 488 1221; x_wconf 79' lang='lat' dir='ltr'>tabulae,</span> <span class='ocrx_word' id='word_1_102' title='bbox 502 1158 621 1211; x_wconf 81' lang='lat' dir='ltr'>fomenta</span> <span class='ocrx_word' id='word_1_103' title='bbox 634 1159 786 1230; x_wconf 82' lang='lat' dir='ltr'>podagram,</span> 
     </span>
     <span class='ocr_line' id='line_1_16' title="bbox 15 1226 740 1280; baseline 0 0"><span class='ocrx_word' id='word_1_104' title='bbox 15 1227 18 1234; x_wconf 77' lang='grc'>’</span> <span class='ocrx_word' id='word_1_105' title='bbox 110 1227 252 1280; x_wconf 87' lang='lat' dir='ltr'>Auriculas</span> <span class='ocrx_word' id='word_1_106' title='bbox 264 1226 382 1279; x_wconf 88' lang='lat' dir='ltr'>citharae</span> <span class='ocrx_word' id='word_1_107' title='bbox 395 1227 507 1279; x_wconf 88' lang='lat' dir='ltr'>collecta</span> <span class='ocrx_word' id='word_1_108' title='bbox 520 1227 597 1280; x_wconf 88' lang='lat' dir='ltr'>sorde</span> <span class='ocrx_word' id='word_1_109' title='bbox 609 1227 740 1280; x_wconf 89' lang='lat' dir='ltr'>dolentes.</span> 
     </span>
     <span class='ocr_line' id='line_1_17' title="bbox 110 1296 878 1366; baseline 0.001 -17"><span class='ocrx_word' id='word_1_110' title='bbox 110 1297 250 1349; x_wconf 87' lang='lat' dir='ltr'>Sincerum</span> <span class='ocrx_word' id='word_1_111' title='bbox 263 1304 303 1347; x_wconf 90' lang='lat' dir='ltr'>est</span> <span class='ocrx_word' id='word_1_112' title='bbox 315 1296 366 1348; x_wconf 90' lang='lat' dir='ltr'>nisi</span> <span class='ocrx_word' id='word_1_113' title='bbox 379 1313 435 1364; x_wconf 81' lang='lat' dir='ltr'>vas,</span> <span class='ocrx_word' id='word_1_114' title='bbox 449 1297 625 1366; x_wconf 90' lang='lat' dir='ltr'>quodcunque</span> <span class='ocrx_word' id='word_1_115' title='bbox 639 1297 758 1349; x_wconf 78' lang='lat' dir='ltr'>infundis</span> <span class='ocrx_word' id='word_1_116' title='bbox 770 1299 878 1350; x_wconf 82' lang='lat' dir='ltr'>acescit.</span> 
     </span>
     <span class='ocr_line' id='line_1_18' title="bbox 109 1364 832 1435; baseline 0.001 -18"><span class='ocrx_word' id='word_1_117' title='bbox 109 1365 209 1435; x_wconf 82' lang='lat' dir='ltr'>Sperne</span> <span class='ocrx_word' id='word_1_118' title='bbox 220 1364 372 1434; x_wconf 87' lang='lat' dir='ltr'>voluptates</span> <span class='ocrx_word' id='word_1_119' title='bbox 379 1381 386 1434; x_wconf 77' lang='lat'>3</span> <span class='ocrx_word' id='word_1_120' title='bbox 406 1374 483 1417; x_wconf 89' lang='lat' dir='ltr'>uocet</span> <span class='ocrx_word' id='word_1_121' title='bbox 496 1375 587 1434; x_wconf 89' lang='lat' dir='ltr'>empta</span> <span class='ocrx_word' id='word_1_122' title='bbox 599 1364 688 1417; x_wconf 87' lang='lat' dir='ltr'>dolore</span> <span class='ocrx_word' id='word_1_123' title='bbox 701 1365 832 1435; x_wconf 87' lang='lat' dir='ltr'>voluptas.</span> 
     </span>
     <span class='ocr_line' id='line_1_19' title="bbox 109 1434 791 1503; baseline 0.001 -17"><span class='ocrx_word' id='word_1_124' title='bbox 109 1434 172 1486; x_wconf 87' lang='lat' dir='ltr'>Sern</span> <span class='ocrx_word' id='word_1_125' title='bbox 193 1451 221 1486; x_wconf 92' lang='lat' dir='ltr'>er</span> <span class='ocrx_word' id='word_1_126' title='bbox 233 1450 329 1486; x_wconf 86' lang='lat' dir='ltr'>avarus</span> <span class='ocrx_word' id='word_1_127' title='bbox 341 1442 420 1502; x_wconf 77' lang='lat' dir='ltr'>eget3</span> <span class='ocrx_word' id='word_1_128' title='bbox 439 1442 540 1486; x_wconf 88' lang='lat' dir='ltr'>certum</span> <span class='ocrx_word' id='word_1_129' title='bbox 554 1444 615 1486; x_wconf 90' lang='lat' dir='ltr'>voto</span> <span class='ocrx_word' id='word_1_130' title='bbox 626 1443 689 1503; x_wconf 92' lang='lat' dir='ltr'>pete</span> <span class='ocrx_word' id='word_1_131' title='bbox 701 1435 791 1488; x_wconf 88' lang='lat' dir='ltr'>finem.</span> 
     </span>
     <span class='ocr_line' id='line_1_20' title="bbox 108 1451 709 1574; baseline 0 -17"><span class='ocrx_word' id='word_1_132' title='bbox 108 1451 219 1557; x_wconf 74' lang='lat' dir='ltr'>Invidus</span> <span class='ocrx_word' id='word_1_133' title='bbox 230 1502 341 1555; x_wconf 87' lang='lat' dir='ltr'>alterius</span> <span class='ocrx_word' id='word_1_134' title='bbox 352 1503 493 1555; x_wconf 86' lang='lat' dir='ltr'>macrescit</span> <span class='ocrx_word' id='word_1_135' title='bbox 506 1503 586 1556; x_wconf 86' lang='lat' dir='ltr'>rebus</span> <span class='ocrx_word' id='word_1_136' title='bbox 598 1504 695 1574; x_wconf 89' lang='lat' dir='ltr'>opimis</span> <span class='ocrx_word' id='word_1_137' title='bbox 701 1521 709 1574; x_wconf 77' lang='lat'><em>3</em></span> 
     </span>
     <span class='ocr_line' id='line_1_21' title="bbox 109 1571 624 1641; baseline -0.004 -15"><span class='ocrx_word' id='word_1_138' title='bbox 109 1571 213 1627; x_wconf 85' lang='lat' dir='ltr'>Invidia</span> <span class='ocrx_word' id='word_1_139' title='bbox 225 1571 304 1624; x_wconf 89' lang='lat' dir='ltr'>Siculi</span> <span class='ocrx_word' id='word_1_140' title='bbox 318 1589 367 1624; x_wconf 90' lang='lat' dir='ltr'>non</span> <span class='ocrx_word' id='word_1_141' title='bbox 382 1574 508 1625; x_wconf 87' lang='lat' dir='ltr'>invenere</span> <span class='ocrx_word' id='word_1_142' title='bbox 522 1574 624 1641; x_wconf 87' lang='lat' dir='ltr'>tyranni</span> 
     </span>
     <span class='ocr_line' id='line_1_22' title="bbox 108 1640 808 1713; baseline -0.001 -18"><span class='ocrx_word' id='word_1_143' title='bbox 108 1641 201 1711; x_wconf 87' lang='lat' dir='ltr'>Majus</span> <span class='ocrx_word' id='word_1_144' title='bbox 213 1643 383 1694; x_wconf 87' lang='lat' dir='ltr'>tormentum.</span> <span class='ocrx_word' id='word_1_145' title='bbox 421 1640 474 1700; x_wconf 86' lang='lat' dir='ltr'>Qui</span> <span class='ocrx_word' id='word_1_146' title='bbox 487 1657 537 1693; x_wconf 92' lang='lat' dir='ltr'>non</span> <span class='ocrx_word' id='word_1_147' title='bbox 552 1641 734 1695; x_wconf 87' lang='lat' dir='ltr'>moderabitur</span> <span class='ocrx_word' id='word_1_148' title='bbox 746 1643 808 1713; x_wconf 87' lang='lat' dir='ltr'>irae,</span> 
     </span>
     <span class='ocr_line' id='line_1_23' title="bbox 81 1709 840 1782; baseline 0.001 -19"><span class='ocrx_word' id='word_1_149' title='bbox 81 1710 85 1715; x_wconf 84' lang='grc'><strong>’</strong></span> <span class='ocrx_word' id='word_1_150' title='bbox 110 1711 243 1765; x_wconf 85' lang='lat' dir='ltr'>Inlectum</span> <span class='ocrx_word' id='word_1_151' title='bbox 256 1710 326 1761; x_wconf 87' lang='lat' dir='ltr'>volet</span> <span class='ocrx_word' id='word_1_152' title='bbox 339 1727 407 1778; x_wconf 88' lang='lat' dir='ltr'>esse,</span> <span class='ocrx_word' id='word_1_153' title='bbox 421 1709 494 1762; x_wconf 88' lang='lat' dir='ltr'>dolor</span> <span class='ocrx_word' id='word_1_154' title='bbox 506 1711 577 1778; x_wconf 87' lang='lat' dir='ltr'>quod</span> <span class='ocrx_word' id='word_1_155' title='bbox 591 1712 702 1764; x_wconf 85' lang='lat' dir='ltr'>suaserit</span> <span class='ocrx_word' id='word_1_156' title='bbox 715 1721 742 1764; x_wconf 91' lang='lat' dir='ltr'>et</span> <span class='ocrx_word' id='word_1_157' title='bbox 754 1729 840 1782; x_wconf 83' lang='lat' dir='ltr'>mens,</span> 
     </span>
     <span class='ocr_line' id='line_1_24' title="bbox 109 1779 716 1848; baseline -0.003 -15"><span class='ocrx_word' id='word_1_158' title='bbox 109 1781 180 1833; x_wconf 91' lang='lat' dir='ltr'>Dum</span> <span class='ocrx_word' id='word_1_159' title='bbox 194 1796 294 1848; x_wconf 87' lang='lat' dir='ltr'>poenas</span> <span class='ocrx_word' id='word_1_160' title='bbox 306 1779 365 1831; x_wconf 91' lang='lat' dir='ltr'>odio</span> <span class='ocrx_word' id='word_1_161' title='bbox 379 1780 493 1846; x_wconf 84' lang='lat' dir='ltr'>pervim</span> <span class='ocrx_word' id='word_1_162' title='bbox 507 1780 612 1831; x_wconf 83' lang='lat' dir='ltr'>festinat</span> <span class='ocrx_word' id='word_1_163' title='bbox 626 1780 716 1832; x_wconf 91' lang='lat' dir='ltr'>inulto.</span> 
     </span>
     <span class='ocr_line' id='line_1_25' title="bbox 109 1848 840 1917; baseline -0.003 -15"><span class='ocrx_word' id='word_1_164' title='bbox 109 1849 152 1902; x_wconf 92' lang='lat' dir='ltr'>Ira</span> <span class='ocrx_word' id='word_1_165' title='bbox 164 1848 235 1900; x_wconf 83' lang='lat' dir='ltr'>furor</span> <span class='ocrx_word' id='word_1_166' title='bbox 247 1848 337 1901; x_wconf 87' lang='lat' dir='ltr'>brevis</span> <span class='ocrx_word' id='word_1_167' title='bbox 349 1857 402 1900; x_wconf 90' lang='lat' dir='ltr'>est:</span> <span class='ocrx_word' id='word_1_168' title='bbox 421 1850 541 1900; x_wconf 88' lang='lat' dir='ltr'>animum</span> <span class='ocrx_word' id='word_1_169' title='bbox 555 1865 624 1916; x_wconf 84' lang='lat' dir='ltr'>rege,</span> <span class='ocrx_word' id='word_1_170' title='bbox 638 1850 683 1916; x_wconf 89' lang='lat' dir='ltr'>qui</span> <span class='ocrx_word' id='word_1_171' title='bbox 696 1850 746 1902; x_wconf 90' lang='lat' dir='ltr'>nisi</span> <span class='ocrx_word' id='word_1_172' title='bbox 757 1856 840 1917; x_wconf 89' lang='lat' dir='ltr'>paret,</span> 
     </span>
     <span class='ocr_line' id='line_1_26' title="bbox 109 1917 977 1986; baseline -0.001 -16"><span class='ocrx_word' id='word_1_173' title='bbox 109 1918 227 1986; x_wconf 90' lang='lat' dir='ltr'>Imperat</span> <span class='ocrx_word' id='word_1_174' title='bbox 235 1934 243 1985; x_wconf 75' lang='lat'>5</span> <span class='ocrx_word' id='word_1_175' title='bbox 261 1917 333 1969; x_wconf 90' lang='lat' dir='ltr'>hunc</span> <span class='ocrx_word' id='word_1_176' title='bbox 346 1917 436 1984; x_wconf 81' lang='lat' dir='ltr'>irenis,</span> <span class='ocrx_word' id='word_1_177' title='bbox 450 1917 523 1970; x_wconf 92' lang='lat' dir='ltr'>hunc</span> <span class='ocrx_word' id='word_1_178' title='bbox 535 1925 562 1969; x_wconf 94' lang='lat' dir='ltr'>tu</span> <span class='ocrx_word' id='word_1_179' title='bbox 576 1934 718 1985; x_wconf 86' lang='lat' dir='ltr'>compesce</span> <span class='ocrx_word' id='word_1_180' title='bbox 730 1927 835 1970; x_wconf 91' lang='lat' dir='ltr'>catena.</span> <span class='ocrx_word' id='word_1_181' title='bbox 960 1950 977 1982; x_wconf 66' lang='lat'><em>0</em></span> 
     </span>
     <span class='ocr_line' id='line_1_27' title="bbox 108 1986 800 2055; baseline -0.003 -16"><span class='ocrx_word' id='word_1_182' title='bbox 108 1986 198 2053; x_wconf 86' lang='lat' dir='ltr'>Fingit</span> <span class='ocrx_word' id='word_1_183' title='bbox 210 2003 311 2055; x_wconf 89' lang='lat' dir='ltr'>equum</span> <span class='ocrx_word' id='word_1_184' title='bbox 324 1995 416 2038; x_wconf 89' lang='lat' dir='ltr'>tenera</span> <span class='ocrx_word' id='word_1_185' title='bbox 428 1986 542 2038; x_wconf 90' lang='lat' dir='ltr'>docilem</span> <span class='ocrx_word' id='word_1_186' title='bbox 556 1986 661 2037; x_wconf 82' lang='lat' dir='ltr'>cervice</span> <span class='ocrx_word' id='word_1_187' title='bbox 674 1987 800 2051; x_wconf 79' lang='lat' dir='ltr'>magister</span> 
     </span>
     <span class='ocr_line' id='line_1_28' title="bbox 109 2054 995 2124; baseline 0.001 -17"><span class='ocrx_word' id='word_1_188' title='bbox 109 2056 151 2109; x_wconf 91' lang='lat' dir='ltr'>Ire</span> <span class='ocrx_word' id='word_1_189' title='bbox 164 2056 245 2122; x_wconf 85' lang='lat' dir='ltr'>viam,</span> <span class='ocrx_word' id='word_1_190' title='bbox 260 2072 312 2124; x_wconf 87' lang='lat' dir='ltr'>qua</span> <span class='ocrx_word' id='word_1_191' title='bbox 325 2065 454 2107; x_wconf 88' lang='lat' dir='ltr'>monstret</span> <span class='ocrx_word' id='word_1_192' title='bbox 466 2071 567 2123; x_wconf 86' lang='lat' dir='ltr'>eques;</span> <span class='ocrx_word' id='word_1_193' title='bbox 585 2054 725 2107; x_wconf 87' lang='lat' dir='ltr'>venaticus</span> <span class='ocrx_word' id='word_1_194' title='bbox 736 2072 771 2107; x_wconf 82' lang='lat' dir='ltr'>ex</span> <span class='ocrx_word' id='word_1_195' title='bbox 782 2070 834 2124; x_wconf 91' lang='lat' dir='ltr'>quo</span> <span class='ocrx_word' id='word_1_196' title='bbox 962 2058 995 2108; x_wconf 84' lang='grc'>65</span> 
     </span>
     <span class='ocr_line' id='line_1_29' title="bbox 108 2123 743 2193; baseline -0.002 -17"><span class='ocrx_word' id='word_1_197' title='bbox 108 2125 243 2193; x_wconf 89' lang='lat' dir='ltr'>Tempore</span> <span class='ocrx_word' id='word_1_198' title='bbox 255 2124 393 2177; x_wconf 79' lang='lat' dir='ltr'>cervinam</span> <span class='ocrx_word' id='word_1_199' title='bbox 406 2123 505 2192; x_wconf 87' lang='lat' dir='ltr'>pellem</span> <span class='ocrx_word' id='word_1_200' title='bbox 517 2124 621 2176; x_wconf 88' lang='lat' dir='ltr'>latravit</span> <span class='ocrx_word' id='word_1_201' title='bbox 634 2124 660 2176; x_wconf 92' lang='lat' dir='ltr'>in</span> <span class='ocrx_word' id='word_1_202' title='bbox 675 2123 743 2192; x_wconf 84' lang='lat' dir='ltr'>aula,</span> 
     </span>
     <span class='ocr_line' id='line_1_30' title="bbox 108 2192 767 2262; baseline -0.005 -14"><span class='ocrx_word' id='word_1_203' title='bbox 108 2194 209 2248; x_wconf 88' lang='lat' dir='ltr'>Militat</span> <span class='ocrx_word' id='word_1_204' title='bbox 223 2193 247 2246; x_wconf 91' lang='lat' dir='ltr'>in</span> <span class='ocrx_word' id='word_1_205' title='bbox 261 2193 338 2246; x_wconf 79' lang='lat' dir='ltr'>silvis</span> <span class='ocrx_word' id='word_1_206' title='bbox 349 2193 461 2246; x_wconf 88' lang='lat' dir='ltr'>catulus.</span> <span class='ocrx_word' id='word_1_207' title='bbox 497 2194 578 2247; x_wconf 90' lang='lat' dir='ltr'>Nunc</span> <span class='ocrx_word' id='word_1_208' title='bbox 590 2192 689 2246; x_wconf 86' lang='lat' dir='ltr'>adhibe</span> <span class='ocrx_word' id='word_1_209' title='bbox 701 2209 767 2262; x_wconf 90' lang='lat' dir='ltr'>puro</span> 
     </span>
     <span class='ocr_line' id='line_1_31' title="bbox 108 2261 786 2332; baseline -0.003 -16"><span class='ocrx_word' id='word_1_210' title='bbox 108 2265 220 2316; x_wconf 90' lang='lat' dir='ltr'>Pectore</span> <span class='ocrx_word' id='word_1_211' title='bbox 232 2262 323 2323; x_wconf 82' lang='lat' dir='ltr'>verba,</span> <span class='ocrx_word' id='word_1_212' title='bbox 335 2279 410 2332; x_wconf 84' lang='lat' dir='ltr'>puer,</span> <span class='ocrx_word' id='word_1_213' title='bbox 423 2280 493 2315; x_wconf 91' lang='lat' dir='ltr'>nunc</span> <span class='ocrx_word' id='word_1_214' title='bbox 506 2272 532 2315; x_wconf 91' lang='lat' dir='ltr'>te</span> <span class='ocrx_word' id='word_1_215' title='bbox 545 2261 701 2316; x_wconf 91' lang='lat' dir='ltr'>melioribus</span> <span class='ocrx_word' id='word_1_216' title='bbox 711 2263 786 2315; x_wconf 88' lang='lat' dir='ltr'>offer.</span> 
     </span>
    </p>
   </div>
   <div class='ocr_carea' id='block_1_3' title="bbox 17 2412 1046 3481">
    <p class='ocr_par' dir='ltr' id='par_1_3' title="bbox 71 2412 1033 2826">
     <span class='ocr_line' id='line_1_32' title="bbox 73 2412 993 2476; baseline 0 -12"><span class='ocrx_word' id='word_1_217' title='bbox 73 2419 109 2464; x_wconf 82' lang='lat'>³9.</span> <span class='ocrx_word' id='word_1_218' title='bbox 121 2412 168 2460; x_wconf 78' lang='lat' dir='ltr'>Est</span> <span class='ocrx_word' id='word_1_219' title='bbox 180 2414 215 2460; x_wconf 84' lang='lat' dir='ltr'>lor</span> <span class='ocrx_word' id='word_1_220' title='bbox 226 2416 435 2469; x_wconf 74' lang='lat' dir='ltr'>edit=conscmit,</span> <span class='ocrx_word' id='word_1_221' title='bbox 447 2431 476 2462; x_wconf 85' lang='lat' dir='ltr'>an</span> <span class='ocrx_word' id='word_1_222' title='bbox 489 2415 604 2462; x_wconf 87' lang='lat' dir='ltr'>Homeric</span> <span class='ocrx_word' id='word_1_223' title='bbox 614 2414 761 2472; x_wconf 86' lang='lat' dir='ltr'>expression.</span> <span class='ocrx_word' id='word_1_224' title='bbox 787 2413 817 2461; x_wconf 84' lang='lat' dir='ltr'>In</span> <span class='ocrx_word' id='word_1_225' title='bbox 827 2432 925 2470; x_wconf 80' lang='lat' dir='ltr'>onnam,</span> <span class='ocrx_word' id='word_1_226' title='bbox 939 2432 993 2476; x_wconf 87' lang='lat' dir='ltr'>pro-</span> 
     </span>
     <span class='ocr_line' id='line_1_33' title="bbox 71 2471 996 2534; baseline 0.002 -12"><span class='ocrx_word' id='word_1_227' title='bbox 71 2472 174 2526; x_wconf 86' lang='lat' dir='ltr'>verbial,</span> <span class='ocrx_word' id='word_1_228' title='bbox 190 2471 241 2519; x_wconf 83' lang='lat' dir='ltr'>‘till</span> <span class='ocrx_word' id='word_1_229' title='bbox 258 2482 315 2521; x_wconf 84' lang='lat' dir='ltr'>next</span> <span class='ocrx_word' id='word_1_230' title='bbox 332 2474 487 2531; x_wconf 55' lang='grc' dir='ltr'>μοι’-42.</span> <span class='ocrx_word' id='word_1_231' title='bbox 499 2474 614 2521; x_wconf 78' lang='lat' dir='ltr'>Rusticus</span> <span class='ocrx_word' id='word_1_232' title='bbox 627 2482 727 2534; x_wconf 75' lang='lat' dir='ltr'>espectet</span> <span class='ocrx_word' id='word_1_233' title='bbox 736 2489 747 2528; x_wconf 89' lang='lat'>,·</span> <span class='ocrx_word' id='word_1_234' title='bbox 765 2473 817 2520; x_wconf 88' lang='lat' dir='ltr'>that</span> <span class='ocrx_word' id='word_1_235' title='bbox 833 2474 863 2528; x_wconf 74' lang='lat' dir='ltr'>is,</span> <span class='ocrx_word' id='word_1_236' title='bbox 877 2474 898 2522; x_wconf 90' lang='lat' dir='ltr'>is</span> <span class='ocrx_word' id='word_1_237' title='bbox 915 2475 963 2523; x_wconf 86' lang='lat' dir='ltr'>like</span> <span class='ocrx_word' id='word_1_238' title='bbox 981 2492 996 2524; x_wconf 82' lang='lat' dir='ltr'>a</span> 
     </span>
     <span class='ocr_line' id='line_1_34' title="bbox 71 2530 1033 2590; baseline 0.001 -10"><span class='ocrx_word' id='word_1_239' title='bbox 71 2533 151 2580; x_wconf 89' lang='lat' dir='ltr'>clown</span> <span class='ocrx_word' id='word_1_240' title='bbox 164 2530 220 2577; x_wconf 88' lang='lat' dir='ltr'>who</span> <span class='ocrx_word' id='word_1_241' title='bbox 231 2533 310 2579; x_wconf 83' lang='lat' dir='ltr'>waits.</span> <span class='ocrx_word' id='word_1_242' title='bbox 343 2532 397 2579; x_wconf 83' lang='lat' dir='ltr'>The</span> <span class='ocrx_word' id='word_1_243' title='bbox 410 2543 478 2590; x_wconf 87' lang='lat' dir='ltr'>story</span> <span class='ocrx_word' id='word_1_244' title='bbox 489 2533 510 2580; x_wconf 89' lang='lat' dir='ltr'>is</span> <span class='ocrx_word' id='word_1_245' title='bbox 521 2532 582 2587; x_wconf 88' lang='lat' dir='ltr'>that,</span> <span class='ocrx_word' id='word_1_246' title='bbox 595 2532 667 2578; x_wconf 84' lang='lat' dir='ltr'>when</span> <span class='ocrx_word' id='word_1_247' title='bbox 679 2546 693 2577; x_wconf 87' lang='lat' dir='ltr'>a</span> <span class='ocrx_word' id='word_1_248' title='bbox 704 2531 785 2589; x_wconf 87' lang='lat' dir='ltr'>stupid</span> <span class='ocrx_word' id='word_1_249' title='bbox 801 2533 876 2580; x_wconf 88' lang='lat' dir='ltr'>rustic</span> <span class='ocrx_word' id='word_1_250' title='bbox 888 2549 956 2582; x_wconf 86' lang='lat' dir='ltr'>carne</span> <span class='ocrx_word' id='word_1_251' title='bbox 969 2546 995 2583; x_wconf 90' lang='lat' dir='ltr'>to</span> <span class='ocrx_word' id='word_1_252' title='bbox 1027 2548 1033 2557; x_wconf 90' lang='lat'><em>·</em></span> 
     </span>
     <span class='ocr_line' id='line_1_35' title="bbox 72 2589 994 2648; baseline 0.002 -10"><span class='ocrx_word' id='word_1_253' title='bbox 72 2607 86 2638; x_wconf 85' lang='lat' dir='ltr'>e</span> <span class='ocrx_word' id='word_1_254' title='bbox 101 2590 173 2644; x_wconf 88' lang='lat' dir='ltr'>river,</span> <span class='ocrx_word' id='word_1_255' title='bbox 186 2590 282 2648; x_wconf 89' lang='lat' dir='ltr'>beyond</span> <span class='ocrx_word' id='word_1_256' title='bbox 295 2589 375 2637; x_wconf 88' lang='lat' dir='ltr'>which</span> <span class='ocrx_word' id='word_1_257' title='bbox 387 2591 425 2637; x_wconf 89' lang='lat' dir='ltr'>his</span> <span class='ocrx_word' id='word_1_258' title='bbox 441 2590 498 2637; x_wconf 90' lang='lat' dir='ltr'>road</span> <span class='ocrx_word' id='word_1_259' title='bbox 515 2591 563 2648; x_wconf 88' lang='lat' dir='ltr'>loy,</span> <span class='ocrx_word' id='word_1_260' title='bbox 577 2589 607 2636; x_wconf 89' lang='lat' dir='ltr'>he</span> <span class='ocrx_word' id='word_1_261' title='bbox 623 2589 673 2636; x_wconf 88' lang='lat' dir='ltr'>said</span> <span class='ocrx_word' id='word_1_262' title='bbox 691 2589 721 2636; x_wconf 91' lang='lat' dir='ltr'>he</span> <span class='ocrx_word' id='word_1_263' title='bbox 733 2589 813 2637; x_wconf 93' lang='lat' dir='ltr'>would</span> <span class='ocrx_word' id='word_1_264' title='bbox 825 2592 882 2638; x_wconf 83' lang='lat' dir='ltr'>weit</span> <span class='ocrx_word' id='word_1_265' title='bbox 899 2593 935 2639; x_wconf 92' lang='lat' dir='ltr'>till</span> <span class='ocrx_word' id='word_1_266' title='bbox 953 2594 994 2640; x_wconf 92' lang='lat' dir='ltr'>the</span> 
     </span>
     <span class='ocr_line' id='line_1_36' title="bbox 71 2647 994 2706; baseline 0.002 -9"><span class='ocrx_word' id='word_1_267' title='bbox 71 2651 135 2698; x_wconf 85' lang='lat' dir='ltr'>river</span> <span class='ocrx_word' id='word_1_268' title='bbox 151 2663 193 2695; x_wconf 86' lang='lat' dir='ltr'>ran</span> <span class='ocrx_word' id='word_1_269' title='bbox 214 2652 360 2706; x_wconf 73' lang='lat' dir='ltr'>past-tt.</span> <span class='ocrx_word' id='word_1_270' title='bbox 378 2649 562 2696; x_wconf 82' lang='lat' dir='ltr'>Beota=dioea.</span> <span class='ocrx_word' id='word_1_271' title='bbox 573 2652 648 2694; x_wconf 85' lang='grc'>-45,</span> <span class='ocrx_word' id='word_1_272' title='bbox 665 2647 936 2703; x_wconf 77' lang='lat' dir='ltr'>Pucurttrrr=urontur‚</span> <span class='ocrx_word' id='word_1_273' title='bbox 954 2656 994 2699; x_wconf 83' lang='lat' dir='ltr'>are</span> 
     </span>
     <span class='ocr_line' id='line_1_37' title="bbox 71 2705 994 2770; baseline 0 -13"><span class='ocrx_word' id='word_1_274' title='bbox 71 2706 182 2767; x_wconf 79' lang='lat' dir='ltr'>changed</span> <span class='ocrx_word' id='word_1_275' title='bbox 198 2706 258 2755; x_wconf 84' lang='lat' dir='ltr'>storn</span> <span class='ocrx_word' id='word_1_276' title='bbox 276 2708 391 2756; x_wconf 89' lang='lat' dir='ltr'>wildness</span> <span class='ocrx_word' id='word_1_277' title='bbox 407 2718 431 2754; x_wconf 95' lang='lat' dir='ltr'>to</span> <span class='ocrx_word' id='word_1_278' title='bbox 448 2723 530 2766; x_wconf 84' lang='lat' dir='ltr'>peace,</span> <span class='ocrx_word' id='word_1_279' title='bbox 544 2708 652 2765; x_wconf 83' lang='lat' dir='ltr'>lertility.</span> <span class='ocrx_word' id='word_1_280' title='bbox 684 2705 757 2765; x_wconf 87' lang='lat' dir='ltr'>They</span> <span class='ocrx_word' id='word_1_281' title='bbox 773 2708 874 2755; x_wconf 90' lang='lat' dir='ltr'>become</span> <span class='ocrx_word' id='word_1_282' title='bbox 890 2708 994 2770; x_wconf 81' lang='lat' dir='ltr'>friendly</span> 
     </span>
     <span class='ocr_line' id='line_1_38' title="bbox 71 2765 993 2826; baseline 0.001 -11"><span class='ocrx_word' id='word_1_283' title='bbox 71 2767 118 2815; x_wconf 85' lang='lat' dir='ltr'>and</span> <span class='ocrx_word' id='word_1_284' title='bbox 134 2765 215 2813; x_wconf 84' lang='lat' dir='ltr'>usesul</span> <span class='ocrx_word' id='word_1_285' title='bbox 234 2778 260 2814; x_wconf 92' lang='lat' dir='ltr'>to</span> <span class='ocrx_word' id='word_1_286' title='bbox 275 2783 339 2815; x_wconf 84' lang='lat' dir='ltr'>man.</span> <span class='ocrx_word' id='word_1_287' title='bbox 349 2770 424 2813; x_wconf 85' lang='grc'><strong><em>-46,</em></strong></span> <span class='ocrx_word' id='word_1_288' title='bbox 446 2767 556 2815; x_wconf 88' lang='lat' dir='ltr'>Gonnect</span> <span class='ocrx_word' id='word_1_289' title='bbox 571 2768 610 2814; x_wconf 80' lang='lat' dir='ltr'>cai</span> <span class='ocrx_word' id='word_1_290' title='bbox 624 2766 741 2824; x_wconf 75' lang='lat' dir='ltr'>coritingit</span> <span class='ocrx_word' id='word_1_291' title='bbox 752 2770 813 2826; x_wconf 78' lang='lat' dir='ltr'>qood</span> <span class='ocrx_word' id='word_1_292' title='bbox 824 2768 883 2814; x_wconf 78' lang='lat' dir='ltr'>cotia</span> <span class='ocrx_word' id='word_1_293' title='bbox 895 2776 937 2821; x_wconf 83' lang='lat' dir='ltr'>est,</span> <span class='ocrx_word' id='word_1_294' title='bbox 952 2767 993 2825; x_wconf 79' lang='lat' dir='ltr'>(ia)</span> 
     </span>
    </p>

    <p class='ocr_par' dir='ltr' id='par_1_4' title="bbox 17 2825 1046 3481">
     <span class='ocr_line' id='line_1_39' title="bbox 17 2825 994 2888; baseline 0.002 -15"><span class='ocrx_word' id='word_1_295' title='bbox 17 2833 25 2850; x_wconf 85' lang='lat'><em>&#39;</em></span> <span class='ocrx_word' id='word_1_296' title='bbox 70 2835 132 2888; x_wconf 80' lang='lat' dir='ltr'>optet</span> <span class='ocrx_word' id='word_1_297' title='bbox 144 2827 182 2872; x_wconf 73' lang='lat' dir='ltr'>nc</span> <span class='ocrx_word' id='word_1_298' title='bbox 191 2842 228 2872; x_wconf 83' lang='lat' dir='ltr'>cm</span> <span class='ocrx_word' id='word_1_299' title='bbox 245 2828 383 2874; x_wconf 69' lang='lat' dir='ltr'>liae-48.</span> <span class='ocrx_word' id='word_1_300' title='bbox 395 2825 509 2879; x_wconf 77' lang='lat' dir='ltr'>Deducit,</span> <span class='ocrx_word' id='word_1_301' title='bbox 523 2826 546 2872; x_wconf 91' lang='lat' dir='ltr'>in</span> <span class='ocrx_word' id='word_1_302' title='bbox 563 2841 593 2872; x_wconf 84' lang='lat' dir='ltr'>un</span> <span class='ocrx_word' id='word_1_303' title='bbox 609 2826 682 2873; x_wconf 87' lang='lat' dir='ltr'>aorist</span> <span class='ocrx_word' id='word_1_304' title='bbox 699 2829 857 2872; x_wconf 77' lang='lat' dir='ltr'>sense—54.</span> <span class='ocrx_word' id='word_1_305' title='bbox 870 2825 994 2875; x_wconf 70' lang='lat' dir='ltr'>sinceram</span> 
     </span>
     <span class='ocr_line' id='line_1_40' title="bbox 70 2884 994 2946; baseline 0.004 -18"><span class='ocrx_word' id='word_1_306' title='bbox 70 2900 194 2946; x_wconf 71' lang='lat' dir='ltr'>:purum</span> <span class='ocrx_word' id='word_1_307' title='bbox 252 2885 282 2931; x_wconf 91' lang='lat' dir='ltr'>he</span> <span class='ocrx_word' id='word_1_308' title='bbox 298 2900 370 2932; x_wconf 83' lang='lat' dir='ltr'>sense</span> <span class='ocrx_word' id='word_1_309' title='bbox 382 2884 417 2931; x_wconf 83' lang='lat' dir='ltr'>is:</span> <span class='ocrx_word' id='word_1_310' title='bbox 436 2884 518 2932; x_wconf 88' lang='lat' dir='ltr'>unless</span> <span class='ocrx_word' id='word_1_311' title='bbox 535 2885 576 2931; x_wconf 92' lang='lat' dir='ltr'>the</span> <span class='ocrx_word' id='word_1_312' title='bbox 588 2884 654 2932; x_wconf 92' lang='lat' dir='ltr'>mind</span> <span class='ocrx_word' id='word_1_313' title='bbox 671 2884 691 2930; x_wconf 92' lang='lat' dir='ltr'>is</span> <span class='ocrx_word' id='word_1_314' title='bbox 707 2898 775 2945; x_wconf 84' lang='lat' dir='ltr'>pure,</span> <span class='ocrx_word' id='word_1_315' title='bbox 789 2884 806 2930; x_wconf 89' lang='lat' dir='ltr'>it</span> <span class='ocrx_word' id='word_1_316' title='bbox 819 2896 904 2931; x_wconf 89' lang='lat' dir='ltr'>cannot</span> <span class='ocrx_word' id='word_1_317' title='bbox 921 2885 994 2945; x_wconf 89' lang='lat' dir='ltr'>errjoy</span> 
     </span>
     <span class='ocr_line' id='line_1_41' title="bbox 71 2941 993 3004; baseline -0.001 -12"><span class='ocrx_word' id='word_1_318' title='bbox 71 2960 119 3003; x_wconf 79' lang='lat' dir='ltr'>any</span> <span class='ocrx_word' id='word_1_319' title='bbox 131 2941 180 2995; x_wconf 82' lang='lat' dir='ltr'>life.</span> <span class='ocrx_word' id='word_1_320' title='bbox 193 2958 255 2990; x_wconf 86' lang='lat' dir='ltr'>even</span> <span class='ocrx_word' id='word_1_321' title='bbox 271 2944 312 2990; x_wconf 89' lang='lat' dir='ltr'>the</span> <span class='ocrx_word' id='word_1_322' title='bbox 324 2953 387 2991; x_wconf 78' lang='lat' dir='ltr'>most</span> <span class='ocrx_word' id='word_1_323' title='bbox 422 2946 638 3002; x_wconf 69' lang='lat' dir='ltr'>respuemus-56.</span> <span class='ocrx_word' id='word_1_324' title='bbox 654 2944 749 2991; x_wconf 77' lang='lat' dir='ltr'>Certum</span> <span class='ocrx_word' id='word_1_325' title='bbox 759 2944 842 3004; x_wconf 82' lang='lat' dir='ltr'>finem,</span> <span class='ocrx_word' id='word_1_326' title='bbox 857 2947 884 2989; x_wconf 84' lang='lat' dir='ltr'>‘a</span> <span class='ocrx_word' id='word_1_327' title='bbox 894 2942 993 2992; x_wconf 86' lang='lat' dir='ltr'>definite</span> 
     </span>
     <span class='ocr_line' id='line_1_42' title="bbox 71 2958 991 3061; baseline -0.002 -9"><span class='ocrx_word' id='word_1_328' title='bbox 71 3002 140 3055; x_wconf 50' lang='lat' dir='ltr'>aim?</span> <span class='ocrx_word' id='word_1_329' title='bbox 155 3010 179 3048; x_wconf 90' lang='lat' dir='ltr'>to</span> <span class='ocrx_word' id='word_1_330' title='bbox 189 3001 261 3049; x_wconf 78' lang='lat' dir='ltr'>resch</span> <span class='ocrx_word' id='word_1_331' title='bbox 273 3002 353 3050; x_wconf 89' lang='lat' dir='ltr'>which</span> <span class='ocrx_word' id='word_1_332' title='bbox 366 2958 420 3048; x_wconf 82' lang='lat' dir='ltr'>will</span> <span class='ocrx_word' id='word_1_333' title='bbox 427 3012 524 3050; x_wconf 87' lang='lat' dir='ltr'>content</span> <span class='ocrx_word' id='word_1_334' title='bbox 536 3002 670 3051; x_wconf 83' lang='lat' dir='ltr'>thee-57.</span> <span class='ocrx_word' id='word_1_335' title='bbox 683 3003 738 3051; x_wconf 89' lang='lat' dir='ltr'>The</span> <span class='ocrx_word' id='word_1_336' title='bbox 766 3012 805 3047; x_wconf 91' lang='lat' dir='ltr'>oet</span> <span class='ocrx_word' id='word_1_337' title='bbox 818 3002 902 3061; x_wconf 82' lang='lat' dir='ltr'>begins</span> <span class='ocrx_word' id='word_1_338' title='bbox 914 3012 939 3049; x_wconf 93' lang='lat' dir='ltr'>to</span> <span class='ocrx_word' id='word_1_339' title='bbox 950 3002 991 3050; x_wconf 89' lang='lat' dir='ltr'>de·</span> 
     </span>
     <span class='ocr_line' id='line_1_43' title="bbox 71 3017 993 3121; baseline -0.002 -9"><span class='ocrx_word' id='word_1_340' title='bbox 71 3063 150 3112; x_wconf 86' lang='lat' dir='ltr'>scribe</span> <span class='ocrx_word' id='word_1_341' title='bbox 162 3075 230 3107; x_wconf 87' lang='lat' dir='ltr'>some</span> <span class='ocrx_word' id='word_1_342' title='bbox 241 3061 321 3109; x_wconf 84' lang='lat' dir='ltr'>vices:</span> <span class='ocrx_word' id='word_1_343' title='bbox 339 3063 424 3115; x_wconf 80' lang='lat'><strong>57·59,</strong></span> <span class='ocrx_word' id='word_1_344' title='bbox 437 3076 515 3121; x_wconf 86' lang='lat' dir='ltr'>envy;</span> <span class='ocrx_word' id='word_1_345' title='bbox 533 3063 617 3114; x_wconf 82' lang='lat'><strong>59-63,</strong></span> <span class='ocrx_word' id='word_1_346' title='bbox 631 3076 711 3120; x_wconf 84' lang='lat' dir='ltr'>anger.</span> <span class='ocrx_word' id='word_1_347' title='bbox 744 3017 807 3106; x_wconf 63' lang='lat' dir='ltr'>llhis</span> <span class='ocrx_word' id='word_1_348' title='bbox 823 3060 889 3107; x_wconf 88' lang='lat' dir='ltr'>leads</span> <span class='ocrx_word' id='word_1_349' title='bbox 906 3060 955 3108; x_wconf 89' lang='lat' dir='ltr'>him</span> <span class='ocrx_word' id='word_1_350' title='bbox 968 3071 993 3110; x_wconf 94' lang='lat' dir='ltr'>to</span> 
     </span>
     <span class='ocr_line' id='line_1_44' title="bbox 71 3118 991 3178; baseline 0 -8"><span class='ocrx_word' id='word_1_351' title='bbox 71 3122 158 3170; x_wconf 86' lang='lat' dir='ltr'>exhort</span> <span class='ocrx_word' id='word_1_352' title='bbox 168 3118 200 3165; x_wconf 84' lang='lat' dir='ltr'>all</span> <span class='ocrx_word' id='word_1_353' title='bbox 209 3130 234 3165; x_wconf 89' lang='lat' dir='ltr'>to</span> <span class='ocrx_word' id='word_1_354' title='bbox 243 3119 308 3166; x_wconf 85' lang='lat' dir='ltr'>leorn</span> <span class='ocrx_word' id='word_1_355' title='bbox 317 3120 394 3166; x_wconf 81' lang='lat' dir='ltr'>virtue</span> <span class='ocrx_word' id='word_1_356' title='bbox 404 3119 475 3166; x_wconf 89' lang='lat' dir='ltr'>when</span> <span class='ocrx_word' id='word_1_357' title='bbox 502 3135 575 3177; x_wconf 78' lang='lat' dir='ltr'>cong,</span> <span class='ocrx_word' id='word_1_358' title='bbox 585 3121 687 3166; x_wconf 80' lang='lat' dir='ltr'>because</span> <span class='ocrx_word' id='word_1_359' title='bbox 697 3119 736 3167; x_wconf 92' lang='lat' dir='ltr'>old</span> <span class='ocrx_word' id='word_1_360' title='bbox 745 3133 790 3178; x_wconf 82' lang='lat' dir='ltr'>age</span> <span class='ocrx_word' id='word_1_361' title='bbox 798 3118 818 3165; x_wconf 89' lang='lat' dir='ltr'>is</span> <span class='ocrx_word' id='word_1_362' title='bbox 826 3118 991 3170; x_wconf 71' lang='lat' dir='ltr'>stili-necked.</span> 
     </span>
     <span class='ocr_line' id='line_1_45' title="bbox 69 3176 989 3282; baseline -0.009 -54"><span class='ocrx_word' id='word_1_363' title='bbox 69 3176 232 3246; x_wconf 46' lang='lat' dir='ltr'>—583Sircl-r]</span> <span class='ocrx_word' id='word_1_364' title='bbox 239 3181 348 3282; x_wconf 72' lang='lat' dir='ltr'>tyranni,</span> <span class='ocrx_word' id='word_1_365' title='bbox 362 3177 422 3225; x_wconf 87' lang='lat' dir='ltr'>such</span> <span class='ocrx_word' id='word_1_366' title='bbox 435 3194 467 3246; x_wconf 40' lang='lat' dir='ltr'>us·</span> <span class='ocrx_word' id='word_1_367' title='bbox 496 3177 593 3231; x_wconf 81' lang='lat' dir='ltr'>halatis,</span> <span class='ocrx_word' id='word_1_368' title='bbox 608 3178 765 3236; x_wconf 73' lang='lat' dir='ltr'>Agathocles,</span> <span class='ocrx_word' id='word_1_369' title='bbox 777 3177 823 3225; x_wconf 83' lang='lat' dir='ltr'>and</span> <span class='ocrx_word' id='word_1_370' title='bbox 834 3177 875 3225; x_wconf 91' lang='lat' dir='ltr'>the</span> <span class='ocrx_word' id='word_1_371' title='bbox 887 3188 936 3225; x_wconf 82' lang='lat' dir='ltr'>two</span> <span class='ocrx_word' id='word_1_372' title='bbox 947 3178 989 3227; x_wconf 92' lang='lat' dir='ltr'>Di.</span> 
     </span>
     <span class='ocr_line' id='line_1_46' title="bbox 70 3235 993 3358; baseline -0.009 -14"><span class='ocrx_word' id='word_1_373' title='bbox 70 3236 345 3353; x_wconf 70' lang='lat' dir='ltr'>rttrtttttrrtr</span> <span class='ocrx_word' id='word_1_374' title='bbox 358 3235 993 3358; x_wconf 64' lang='lat' dir='ltr'>rattruut}ttrtrttttrattttt</span> 
     </span>
     <span class='ocr_line' id='line_1_47' title="bbox 69 3353 1023 3415; baseline 0.005 -14"><span class='ocrx_word' id='word_1_375' title='bbox 69 3359 144 3402; x_wconf 83' lang='grc'><strong>-61,</strong></span> <span class='ocrx_word' id='word_1_376' title='bbox 167 3356 227 3403; x_wconf 71' lang='lat' dir='ltr'>odio</span> <span class='ocrx_word' id='word_1_377' title='bbox 242 3355 320 3402; x_wconf 78' lang='lat' dir='ltr'>inulto</span> <span class='ocrx_word' id='word_1_378' title='bbox 336 3356 357 3404; x_wconf 86' lang='lat' dir='ltr'>is</span> <span class='ocrx_word' id='word_1_379' title='bbox 373 3355 416 3404; x_wconf 86' lang='lat' dir='ltr'>the</span> <span class='ocrx_word' id='word_1_380' title='bbox 432 3354 525 3405; x_wconf 80' lang='lat' dir='ltr'>dative.</span> <span class='ocrx_word' id='word_1_381' title='bbox 560 3353 864 3415; x_wconf 66' lang='lat' dir='ltr'>Fnttnnt=5nttnnntcs</span> <span class='ocrx_word' id='word_1_382' title='bbox 880 3356 1023 3406; x_wconf 39' lang='lat' dir='ltr'>apoto&amp;</span> 
     </span>
     <span class='ocr_line' id='line_1_48' title="bbox 62 3397 1046 3481; baseline -0.004 -23"><span class='ocrx_word' id='word_1_383' title='bbox 62 3416 101 3459; x_wconf 76' lang='grc'>66,</span> <span class='ocrx_word' id='word_1_384' title='bbox 122 3414 183 3460; x_wconf 84' lang='lat' dir='ltr'>This</span> <span class='ocrx_word' id='word_1_385' title='bbox 196 3427 246 3460; x_wconf 84' lang='lat' dir='ltr'>was</span> <span class='ocrx_word' id='word_1_386' title='bbox 259 3412 300 3462; x_wconf 90' lang='lat' dir='ltr'>the</span> <span class='ocrx_word' id='word_1_387' title='bbox 308 3415 387 3466; x_wconf 88' lang='lat' dir='ltr'>&#39;rnode</span> <span class='ocrx_word' id='word_1_388' title='bbox 398 3417 428 3467; x_wconf 85' lang='lat' dir='ltr'>ol</span> <span class='ocrx_word' id='word_1_389' title='bbox 435 3417 548 3481; x_wconf 80' lang='lat' dir='ltr'>traiuing</span> <span class='ocrx_word' id='word_1_390' title='bbox 559 3415 626 3481; x_wconf 75' lang='lat' dir='ltr'>dogs</span> <span class='ocrx_word' id='word_1_391' title='bbox 635 3416 673 3466; x_wconf 79' lang='lat' dir='ltr'>lor</span> <span class='ocrx_word' id='word_1_392' title='bbox 683 3415 734 3464; x_wconf 78' lang='lat' dir='ltr'>the</span> <span class='ocrx_word' id='word_1_393' title='bbox 743 3413 841 3463; x_wconf 56' lang='lat' dir='ltr'>anessa</span> <span class='ocrx_word' id='word_1_394' title='bbox 856 3397 1046 3456; x_wconf 53' lang='lat' dir='ltr'>samolum</span> 
     </span>
    </p>
   </div>
   <div class='ocr_carea' id='block_1_4' title="bbox 0 0 1084 3712">
    <p class='ocr_par' dir='ltr' id='par_1_5' title="bbox 0 0 1084 3712">
     <span class='ocr_line' id='line_1_49' title="bbox 0 0 1084 3712; baseline 0 0"><span class='ocrx_word' id='word_1_395' title='bbox 0 0 1084 3712; x_wconf 95' lang='lat' dir='ltr'> </span> 
     </span>
    </p>
   </div>
  </div>
 </body>
</html>
